3184 5125
660 456 802 519 -7...-

204 595 266 655 Gur
294 591 393 671 igitur
419 590 562 651 Manilius
591 584 715 652 dicatur
743 591 799 671 qui
827 590 899 653 illos
928 592 1170 654 Astronomicon
1196 592 1293 656 libros

163 690 315 771 quinque,
331 708 411 769 quos
431 688 578 767 legimus,
600 689 792 769 composuit,
814 688 904 749 nulla
922 708 1019 751 causa
1038 690 1204 752 manifesta
1222 697 1292 755 esta

164 790 249 869 quod
264 795 374 849 tamen
389 806 506 848 nomen
520 786 727 862 servabimus,
746 787 899 848 traditum
915 788 983 868 jam
1002 806 1038 849 ac
1055 789 1219 867 vulgatum
1237 809 1294 853 nec

163 886 311 949 brevitati
328 885 483 947 sermonis
498 884 617 947 inutile.

714 1180 744 1245 ΙΙ

207 1384 282 1453 Quae
306 1399 379 1442 cum
400 1380 444 1440 ita
463 1397 495 1441 sc
515 1378 667 1456 habeant,
687 1376 804 1439 omissa
817 1376 886 1456 jam
901 1380 1097 1458 praepostera
1116 1376 1177 1437 ista
1195 1376 1294 1457 scrip·

169 1484 275 1540 torum
299 1478 500 1559 antiquorum
525 1476 574 1537 ad'
591 1475 765 1537 eruendum
791 1480 919 1554 poetam
942 1473 1112 1554 quemdam
1134 1473 1295 1535 Manilium

168 1576 418 1655 investigatione,
435 1574 523 1655 operi
543 1573 782 1647 attendendum,
798 1578 830 1633 et
849 1573 904 1652 qui
923 1572 1017 1634 fuerit
1040 1578 1145 1652 poeta,
1162 1591 1201 1633 ex
1220 1591 1294 1652 poc-

166 1679 251 1734 mate
266 1673 335 1753 ipso
350 1672 533 1734 discendum
549 1677 606 1733 est.

206 1770 347 1831 Primum
373 1776 491 1849 autem,
511 1788 637 1831 versum
655 1788 694 1829 ex
714 1787 778 1849 quo
800 1770 909 1830 Romae
933 1787 1006 1830 eum
1030 1766 1144 1829 vixisse
1165 1767 1295 1847 quidam

165 1868 388 1948 conjecerunt:

274 2044 337 2109 Qua
352 2042 466 2117 genitus
481 2058 548 2097 cum
563 2040 653 2097 fratre
669 2043 778 2098 Remus
793 2042 863 2097 bunc
877 2039 1012 2097 condidit
1026 2040 1128 2097 urbem
1140 2044 1161 2109 ¹,

168 2236 188 2277 a
202 2215 343 2278 Bentleio
357 2222 388 2278 et
401 2215 520 2278 Jacobo
536 2217 682 2295 ejectum,
698 2233 755 2276 nec
771 2213 848 2275 satis
862 2232 936 2275 cum
959 2213 1106 2291 lectione,
1121 2219 1190 2273 tum
1204 2231 1297 2277 sensu

166 2320 375 2389 constantem,
393 2315 505 2375 nonin
520 2313 735 2375 testimonium
751 2311 932 2374 vocaverim
952 2330 959 2373 :
977 2316 1079 2373 totum
1099 2317 1206 2374 tamen
1226 2331 1297 2374 car-

167 2432 241 2474 men
265 2410 437 2492 perlegenti
458 2410 586 2471 minime
608 2410 780 2471 absurdum
804 2427 871 2471 esse
896 2409 1073 2490 apparebit,
1086 2410 1112 2471 si
1125 2411 1196 2491 quis
1210 2410 1299 2472 nulla

165 2510 199 2571 in
214 2509 277 2573 alia
291 2510 381 2584 urbe,
396 2508 454 2570 nisi
471 2511 591 2584 Romae,
607 2508 725 2590 scripta
740 2507 837 2569 fuisse
852 2507 1073 2571 Astronomica
1087 2509 1294 2571 contenderit.

206 2611 278 2670 lam
294 2608 395 2670 civem
410 2610 589 2669 Romanum
603 2606 699 2668 fuisse
720 2626 793 2668 eum
814 2607 1055 2687 suspicabimur,
1073 2625 1145 2668 cum
1160 2607 1294 2668 dixerit:

310 2787 463 2860 Speratum
478 2785 649 2842 Annibalem
664 2789 764 2842 nostris
779 2784 915 2841 cecidisse
931 2784 1041 2840 catenis
1055 2784 1076 2839 ¹.

208 2968 406 3046 Quanquam,
421 2964 497 3046 quid
510 2982 547 3026 ea
561 2963 600 3025 de
615 2983 648 3024 rc
664 2982 859 3038 censeamus,
875 2963 965 3045 parvi
980 2963 1087 3036 refert,
1101 2981 1172 3024 eum
1187 2968 1292 3041 poeta,

167 3064 233 3125 sive
247 3064 321 3124 civis
333 3067 503 3142 Romanus,
515 3062 580 3124 sive
590 3081 791 3143 quocumque
799 3062 862 3123 alio
867 3064 949 3142 jure,
958 3081 1021 3123 non
1032 3080 1106 3122 sane
1117 3064 1295 3122 Romanum

167 3162 310 3225 animum
329 3161 495 3240 vividoquc
516 3163 667 3222 Romanae
688 3161 801 3240 patriae
821 3179 927 3221 amore
948 3177 1114 3221 accensum
1134 3156 1293 3231 exhibeat,

167 3278 226 3320 nec
238 3259 380 3339 Virgilio,
393 3259 442 3321 vel
458 3259 599 3332 Horatio,
618 3258 664 3318 vel
682 3259 859 3338 Propertio,
871 3257 1025 3316 victarum
1041 3254 1181 3332 gentium
1196 3254 1295 3312 domi·

115 3351 117 3356 ’
167 3357 255 3436 tique
270 3357 356 3418 orbis
371 3356 519 3437 superbia
533 3355 582 3417 vel
598 3353 737 3416 civilium
758 3352 987 3414 discordiarum
1007 3349 1154 3410 maestitia
1170 3350 1294 3410 restitu-

167 3460 271 3534 taeque
285 3456 343 3516 sub
353 3455 531 3535 principatu
544 3452 629 3534 pacis
640 3451 761 3525 laetitia,
774 3451 814 3511 sit
824 3447 1067 3529 comparandus,
1077 3466 1147 3508 curn
1160 3448 1294 3529 denique

168 3571 326 3632 nusquam
351 3553 384 3613 in
410 3555 625 3614 Romanarum
654 3568 758 3610 rernm
790 3546 1008 3610 recordatione
1035 3546 1208 3628 quidquam
1236 3547 1295 3608 nisi

168 3649 326 3712 rhetorica
337 3651 582 3731 praeteritarum,
592 3646 794 3728 presentium
809 3644 987 3709 adulatoria
997 3645 1138 3708 laudatio
1147 3645 1294 3708 scribenti

169 3748 330 3810 exciderit.

71 3836 74 3840 ’
209 3845 322 3925 Atque,
339 3845 397 3907 etsi
412 3846 537 3908 civitate
552 3850 712 3911 Romanus
728 3845 798 3918 luit,
815 3860 880 3903 non
893 3831 964 3903 ideo
980 3860 1104 3921 genere,
1122 3860 1158 3903 ac
1172 3859 1212 3902 ne
1229 3841 1293 3902 Ita-

202 4058 224 4106 l.
241 4057 323 4117 Man,
335 4057 452 4118 Astron,
469 4059 510 4120 lv,
524 4061 579 4109 lto.
593 4087 623 4096 -
637 4057 710 4108 Frid.
725 4057 808 4108 Jacob
828 4055 953 4106 codicum
973 4053 1117 4106 lectionem
1136 4055 1175 4107 ita
1190 4055 1272 4106 refert
1286 4065 1294 4101 ε

315 4147 465 4201 unigenitus
478 4149 596 4203 Caesarque
610 4161 675 4192 meus
689 4160 748 4190 nunc
761 4146 861 4190 condidit
872 4145 962 4196 orbem3

169 4256 372 4365 qupqpcrqu‘rin
387 4245 629 4368 ipperpolatumad
644 4245 769 4296 ottonem
784 4245 819 4294 lll
833 4243 969 4308 pertinere
980 4244 1140 4307 suspicatur.

217 4350 224 4364 .
276 4329 314 4372 .‚z
333 4331 341 4364 ι
362 4351 379 4376 .,
432 4355 438 4380 ,
486 4353 494 4372 .
