3184 5125
802 481 961 546 „45-

320 625 392 688 dem
412 620 577 695 sententia,
598 626 684 694 sunt,
702 625 737 682 ut
751 618 789 680 de
809 616 859 676 his
879 615 1026 677 omnibus
1048 620 1143 695 poeta
1161 621 1267 677 taceat
1286 635 1387 697 neque
1408 639 1448 682 ea

321 741 392 783 eum
411 721 484 782 fatis
504 719 736 799 imperiosaque
766 721 926 776 astrorum
944 713 975 775 vi
995 713 1192 775 concilianda
1213 721 1311 777 curet.
1328 719 1372 777 De
1395 716 1446 779 his

319 820 494 899 loquuntur
511 817 629 890 stoicis,
651 816 747 876 etiam
767 831 840 874 cum
866 831 946 892 opus
971 817 1119 872 nonest:
1144 811 1227 872 unde
1245 811 1293 887 fit,
1315 819 1360 889 ut,
1379 817 1442 896 qui,

319 937 390 979 cum
407 935 486 995 opus
499 916 550 989 sit,
567 914 605 975 de
620 912 669 973 his
682 931 747 972 non
763 911 914 990 loquitur,
930 909 1047 970 stoicus
1062 928 1127 970 neu
1143 909 1193 971 sit.

318 1015 321 1020 '
360 1015 394 1076 si
404 1032 479 1074 vero
494 1030 559 1072 rem
577 1016 695 1071 attente
711 1007 918 1088 perspexeris,
930 1026 994 1068 non
1010 1007 1080 1067 fatis
1095 1018 1274 1087 exemptam
1287 1027 1307 1070 a
1319 1010 1444 1073 Manilio

318 1118 350 1174 et
371 1113 404 1172 in
422 1110 599 1170 libertatem
619 1107 811 1168 vindicatam
832 1105 980 1166 virtutem
1002 1104 1158 1182 intelliges
1181 1124 1218 1166 ac
1243 1107 1442 1186 sapientiam.

319 1212 386 1270 lmo
400 1209 473 1270 fatis
488 1206 629 1269 omnium
646 1205 811 1266 arbitrium
825 1202 978 1268 concedit.
990 1201 1115 1263 virtutis
1126 1202 1222 1264 etiam
1237 1209 1269 1264 et
1283 1204 1442 1268 vitiomm.

320 1307 379 1379 Qui
393 1306 488 1384 igitur
506 1310 609 1384 potest
628 1303 707 1377 fieri,
732 1308 765 1362 ut
788 1301 937 1362 virtutem
961 1301 1080 1361 donum
1100 1319 1119 1360 a
1143 1301 1233 1361 nobis
1251 1301 1444 1365 habeamus?

318 1404 389 1465 Jam
405 1404 501 1477 enim,
517 1407 552 1462 ut
566 1401 719 1481 corporis,
737 1400 781 1460 ita
796 1399 894 1460 animi
908 1397 1011 1459 morbi
1025 1398 1154 1459 fatalem
1169 1405 1328 1460 astrorum
1342 1401 1441 1479 legem

319 1507 503 1580 sequuntur,
522 1519 579 1560 nec
598 1517 757 1559 summum
774 1498 894 1558 bonum
909 1515 1006 1576 penes
1024 1495 1186 1557 hominem
1202 1502 1270 1557 est:
1290 1499 1356 1578 qui,
1374 1500 1442 1562 uni-

235 1598 238 1604 ’
317 1616 415 1658 versae
431 1615 536 1658 rerum
552 1595 667 1657 rationi
680 1595 829 1670 serviens,
845 1613 910 1656 suae
920 1595 988 1673 jam
1005 1612 1069 1654 non
1084 1613 1215 1673 compos
1231 1595 1301 1658 erit.

358 1696 395 1755 Et
419 1694 556 1775 quidem,
578 1711 617 1754 ne
640 1697 743 1754 totum
769 1711 897 1753 carmen
921 1691 1076 1771 perlegas,
1101 1692 1163 1770 ipsi
1187 1692 1233 1752 illi
1257 1700 1385 1755 centum
1407 1713 1443 1756 ac

318 1791 428 1870 viginti
439 1810 558 1865 versus,
573 1790 687 1870 quibus
702 1789 782 1850 liber
800 1795 931 1870 quartus
945 1789 1066 1869 incipit,
1077 1789 1153 1850 satis
1167 1797 1276 1870 aperte
1290 1791 1440 1868 indicant,

317 1908 412 1968 quam
428 1908 491 1951 non
517 1888 660 1950 addictus
683 1887 715 1949 in
739 1887 799 1948 hoc
820 1887 991 1948 stoicorum
1015 1886 1189 1967 disciplinas
1218 1895 1312 1967 poeta
1336 1889 1439 1950 inerit.

317 1989 401 2060 Quos
417 2005 521 2068 operae
536 1985 672 2067 pretium
689 1986 748 2047 erit
760 1985 928 2065 diligenter
943 2003 979 2046 ac
993 1985 1114 2047 minute
1128 1985 1341 2047 considerare.

356 2085 514 2166 Principio
527 2085 699 2165 inquietam
716 2083 880 2146 hominum
893 2083 989 2143 vitam
1002 2090 1033 2143 et
1043 2082 1190 2144 omnibus
1205 2083 1289 2144 curis
1307 2089 1337 2145 et
1353 2085 1441 2147 allec-

316 2181 400 2244 tibus
417 2183 577 2244 turbidam
596 2185 750 2263 increpat,
773 2181 1007 2261 immodicaque
1027 2187 1102 2243 vota
1124 2200 1195 2261 quae
1221 2201 1324 2243 aarum
1349 2201 1442 2244 omne

315 2282 472 2360 sperando
488 2287 688 2343 consumunt.

458 2430 533 2495 Quid
545 2434 606 2485 tam
621 2430 750 2486 sollicitis
765 2431 853 2486 vitam
866 2430 1059 2486 consumimus
1074 2428 1181 2485 annis?

457 2512 693 2583 Torquemurqne
706 2515 795 2580 metu,
810 2528 943 2585 caecaque
956 2510 1089 2583 cupidine
1102 2510 1222 2567 rerum?

457 2591 638 2663 AEternisque
655 2592 840 2659 senescaris,
857 2593 925 2648 dum
943 2591 1099 2664 quaerimus
1113 2608 1217 2661 aarum,

456 2668 617 2741 Perdimus,
635 2674 663 2726 et
676 2672 757 2727 nullo
770 2677 902 2727 votorum
918 2672 975 2726 linc
992 2671 1069 2726 beati

456 2752 584 2807 Victuros
599 2752 714 2823 agimus
729 2767 852 2822 semper,
870 2768 922 2806 nec
936 2751 1056 2807 vivimus
1069 2767 1198 2823 unquam
1212 2751 1247 2808 ¹?

355 2901 516 2979 Splendidi
531 2902 657 2980 quidem
675 2921 792 2977 versus,
810 2908 840 2963 et
856 2902 909 2981 qui
925 2904 1058 2963 stoicum
1073 2922 1137 2964 non
1156 2904 1328 2965 dedeceant
1348 2922 1357 2967 ε
1376 2924 1440 2968 non

315 3003 421 3059 autem
437 3016 506 3076 quae
521 2997 653 3058 stoicum
670 2998 819 3077 prodant.
836 2998 955 3059 Eadem
970 3000 1263 3074 LucretiuS,eadem
1279 3004 1438 3080 Horatius,

315 3094 426 3156 eadem
439 3094 608 3156 Christiani
620 3094 720 3155 nostri
734 3095 860 3156 vivendi
874 3102 1082 3177 praeceptores
1097 3098 1305 3184 quoties'sunt
1319 3102 1437 3182 questil

313 3195 420 3272 Neque
444 3191 495 3254 hic
519 3212 556 3254 ea
584 3193 680 3254 verba
706 3192 898 3267 invenimus,
923 3194 1029 3255 stoicis
1052 3196 1239 3276 peculiaria,
1266 3198 1319 3278 qui
1344 3199 1438 3274 leveS,

313 3290 538 3366 inconstantes,
549 3291 677 3352 insanos
692 3291 850 3367 homines,
863 3291 981 3353 morbis
994 3293 1092 3354 animi
1106 3301 1136 3354 et
1152 3294 1244 3355 malis
1257 3294 1439 3359 laborantes

314 3388 431 3451 dicant.
448 3390 513 3468 Age
528 3409 623 3452 vero:
640 3390 736 3451 stoice
749 3389 868 3451 dictum
883 3390 955 3451 volo
973 3409 980 3454 :
998 3390 1073 3470 quid
1088 3393 1220 3471 posteat

458 3529 573 3601 Solvite,
589 3530 739 3598 mortales,
757 3531 879 3600 animos,
895 3547 1034 3600 curasque
1044 3532 1148 3601 levate,

456 3608 564 3679 Totque
579 3608 762 3680 supervacuis
776 3609 866 3664 vitam
881 3610 993 3681 deplete
1008 3611 1142 3683 querelis.

458 3686 525 3741 Fata
537 3691 643 3760 regunt
658 3688 758 3743 orbam
774 3704 781 3743 :
798 3692 876 3743 certa
890 3693 967 3744 stant
980 3690 1079 3745 omnia
1089 3690 1154 3762 lege
1166 3691 1187 3745 ².

293 3864 294 3867 ¹
313 3839 421 3918 anue
436 3838 543 3898 omnia
552 3846 737 3919 sequuntur,
745 3858 816 3919 quae
825 3839 892 3919 jam
903 3839 1042 3903 laudavi.
1051 3843 1108 3903 Hic
1116 3842 1296 3905 exclamant
1303 3843 1436 3906 stoicum

313 3937 515 3998 manifestum
535 3936 646 3998 haberi
667 3938 752 4017 quod
771 3938 872 4000 satum
888 3938 966 3999 dixit
985 3941 1008 4002 ³.
1030 3941 1166 4002 Verbum
1186 3942 1314 4021 quidem
1336 3943 1439 4003 fateor

313 4052 379 4096 esse
395 4052 403 4096 ε
420 4054 469 4097 res
482 4035 715 4115 quaercndacst.
731 4038 802 4097 Non
818 4041 922 4099 autem
938 4037 1045 4099 stoicis
1052 4038 1217 4120 proprium
1229 4058 1267 4101 ac
1278 4039 1438 4119 singulare

343 4199 497 4257 1.Astron.‚
514 4201 558 4263 IV,
573 4203 596 4251 1.

342 4272 367 4321 2.
381 4268 458 4329 lbid,
473 4269 517 4331 lv,
532 4272 571 4319 14.

343 4340 515 4404 amp&
