3184 5125
637 376 796 441 -1'1-

150 515 246 595 igitur
258 512 304 574 ibi
319 510 466 572 Manilius
481 508 595 590 Tiberii
610 529 733 590 pacem,
748 511 880 573 devictis
894 512 1049 593 barbaris,
1063 517 1117 578 sed
1130 519 1273 597 Augusti,

152 610 334 691 compositis
348 608 491 670 civilibus
505 607 607 680 bellis,
622 608 785 670 indicavit.
1167 685 1171 691 ¹

191 710 279 771 Unde
295 706 437 786 sequitur
456 712 491 767 nt
510 705 619 785 primis
637 706 698 767 illis
715 708 956 770 Astronomicon
972 710 1123 787 versibus,
1142 714 1198 775 etsi
1213 734 1276 776 non

152 807 323 869 admodum
335 822 354 865 a
367 803 492 863 Tiberio
505 809 695 882 repugnant,
707 804 820 865 melius
831 810 940 866 tamen
949 816 1140 884 agnoscatur
1153 811 1277 891 Augus·
1298 877 1304 885 ,

152 912 213 979 tus,
230 909 261 965 et
274 902 349 982 quia
363 901 414 961 hic
428 918 501 961 vere
518 918 555 962 ac
573 900 695 980 publice
708 902 854 981 princeps
869 908 1020 983 paterque
1036 907 1146 984 patriae
1160 909 1231 986 tuit,
1247 917 1279 972 ct

153 1003 229 1083 quia
241 1002 323 1061 hanc
339 1016 448 1079 pacem
464 998 561 1067 dedit,
577 1017 647 1077 quae
664 999 811 1059 scribenti
828 1000 957 1063 faveret.

194 1101 282 1160 Nunc
297 1102 403 1157 autem
419 1095 459 1155 ad
474 1113 512 1155 ea
526 1094 661 1165 veniam,
675 1115 744 1176 quac
759 1102 788 1156 et
801 1096 998 1159 doctissimos
1012 1100 1095 1162 viros
1110 1102 1201 1165 valde
1213 1110 1277 1167 tor·

155 1198 264 1275 serint,
276 1201 308 1255 et
321 1193 361 1254 ab
373 1193 411 1253 iis
421 1193 483 1253 sint
492 1198 587 1254 torta.
600 1193 635 1252 ln
646 1194 759 1272 quibus
769 1194 914 1255 Manilius
923 1201 1008 1257 astra
1018 1216 1089 1276 qum
1099 1200 1278 1264 inferiorem

155 1295 241 1358 orbis
252 1298 375 1373 partein
385 1296 539 1371 spectant,
554 1308 616 1351 non
627 1291 842 1369 superioribus
852 1291 1118 1368 cedereaffirmat,
1129 1297 1279 1379 nisiquod

407 1491 468 1546 Uno
484 1490 636 1545 vincuntur
646 1487 675 1543 in
691 1492 767 1545 astro

302 1573 440 1643 Augusto,
456 1570 535 1626 sidus
550 1572 646 1624 nostro
662 1570 738 1641 quod
754 1570 874 1642 contigit
889 1571 951 1627 orbi
970 1588 977 1626 :

303 1653 395 1707 Caesar
409 1667 484 1705 nuuc
497 1650 592 1723 tersis,
608 1654 672 1720 post
685 1652 754 1705 caelo
769 1650 911 1706 maximus
926 1654 1025 1708 auctor
1040 1654 1061 1708 ¹.

159 1854 234 1925 Quae
255 1852 437 1914 Lachmann
455 1852 494 1913 ad
509 1851 667 1913 Tiberium
684 1851 848 1913 referenda
863 1852 1044 1927 arbitratur,
1058 1854 1163 1914 Freier
1176 1860 1282 1916 autem

159 1951 258 2012 fusius
270 1949 309 2011 de
324 1950 361 2010 iis
371 1950 402 2009 in
414 1950 559 2011 eumdem
574 1968 699 2009 sensum
712 1949 893 2029 disputavit.
906 1953 997 2022 Nam,
1009 1952 1093 2030 quod
1108 1952 1283 2029 Augustum

158 2049 257 2122 sidua,
269 2066 334 2109 non
348 2048 465 2109 lulium
479 2046 558 2108 dixit
573 2046 729 2119 Manilius,
736 2048 805 2126 Jam
818 2053 977 2108 mortuum
992 2054 1023 2108 et
1036 2047 1113 2108 caelo
1126 2049 1283 2108 redditum

159 2148 337 2224 Augustum
351 2145 445 2206 luisse
462 2144 595 2222 colligit3
612 2145 830 2223 Caesaremque
846 2163 929 2204 nunc
944 2143 1035 2203 terris
1051 2145 1283 2222 praesidentem,

163 2244 218 2324 qui
234 2250 343 2322 postca
361 2242 437 2303 caelo
457 2243 613 2304 maximus
633 2247 754 2311 auctor,
771 2242 882 2302 eodem
900 2241 1017 2302 scilicet
1033 2241 1143 2315 sidere,
1160 2242 1284 2303 futurus

162 2341 214 2414 sit,
235 2339 390 2400 Tiberium
408 2358 473 2401 esse
492 2339 652 2417 intelligit,
672 2340 716 2400 ita
736 2357 803 2399 rem
822 2338 1007 2419 explicans:
1026 2363 1041 2395 «
1062 2358 1156 2401 nemo
1179 2360 1284 2401 rerum

164 2441 378 2499 Romanarum
396 2435 501 2497 obstat
516 2437 659 2515 scriptor,
678 2436 849 2516 quominus
869 2436 955 2497 sidus
971 2437 1115 2497 omnium
1131 2438 1284 2516 Augusto-

162 2555 232 2599 rum
249 2535 343 2596 fuisse
359 2534 511 2609 dicamus,
529 2534 671 2614 civesque
687 2533 854 2596 credidisse
874 2534 966 2596 unius
980 2535 1131 2614 cujusque
1147 2537 1285 2598 animam

162 2654 200 2697 eo
216 2633 342 2694 evolare
357 2638 451 2712 atque
466 2633 544 2693 utin
561 2633 662 2705 tercia,
674 2632 716 2692 sic
731 2633 764 2693 in
778 2633 856 2694 caelo
869 2632 1041 2713 principem
1057 2633 1222 2694 succedere
1232 2634 1256 2696 ‘.
1269 2658 1284 2690 »

163 2733 236 2803 Sed,
253 2731 359 2802 credo,
378 2730 408 2791 in
431 2749 465 2791 re
489 2736 553 2790 tam
578 2729 678 2806 gravi,
695 2748 758 2791 non
782 2731 858 2791 satis
879 2730 938 2790 erit
958 2748 1021 2790 non
1043 2729 1167 2790 obstare
1186 2731 1285 2810 scrip-

162 2837 247 2890 tores
269 2847 374 2890 rerum
395 2829 620 2900 Romanarum,
640 2828 716 2906 quin
744 2833 774 2888 et
799 2846 922 2888 neccsse
946 2827 1017 2905 erit,
1038 2832 1073 2887 ut
1096 2826 1284 2905 conjecturae

161 2925 338 2988 manifestis
358 2925 462 2986 verbis
482 2925 619 3000 faveant,
642 2944 744 3005 neque
765 2925 831 2987 ulla
855 2944 895 2986 ex
917 2944 1027 2986 eorum
1051 2923 1175 2987 silentio
1200 2944 1286 2987 com-

161 3023 310 3104 probatio
328 3023 492 3084 inferenda
510 3029 566 3084 cst.
585 3024 772 3103 Quanquam
793 3023 871 3084 mibi
890 3023 1013 3085 videtur
1030 3023 1173 3085 Valerius
1190 3025 1288 3085 blaxi-

164 3140 237 3181 mus
251 3121 386 3181 innuisse
401 3127 520 3182 astrum
533 3121 609 3181 illud
626 3121 740 3182 Caesari
756 3126 878 3181 tantum
900 3123 1102 3201 Angustaque
1122 3121 1285 3200 assignari,

163 3237 269 3298 neque
294 3218 326 3278 in
350 3219 529 3279 societatem
558 3220 625 3298 ejus
649 3237 720 3279 cum
749 3219 786 3278 iis
815 3218 974 3279 Tiberium
1003 3218 1068 3278 ullo
1095 3218 1191 3278 modo
1219 3222 1286 3277 tum

162 3317 272 3379 vocari
294 3337 299 3374 :
322 3335 395 3377 nam
420 3317 576 3377 Tiberium
600 3315 793 3394 compellans
817 3315 862 3373 ita
884 3315 1020 3374 scribit:
1044 3337 1060 3368 «
1083 3319 1187 3373 cetera
1210 3313 1286 3373 divi-

163 3415 248 3476 nitas
273 3415 423 3493 opinione
447 3414 616 3492 colligitur,
642 3417 696 3471 tua
722 3410 869 3490 praesenti
896 3409 957 3470 lide
981 3414 1114 3490 paterno
1140 3409 1287 3488 avitoque

163 3511 260 3571 sideri
281 3529 339 3591 par
361 3511 485 3572 videtur
506 3513 516 3546 ³
539 3535 567 3571 ».
592 3508 732 3588 Denique
759 3525 830 3568 cum
861 3506 894 3567 in
918 3505 1074 3584 ejusmodi
1097 3506 1287 3586 disputatio·

162 3608 255 3669 nibus
274 3608 353 3668 nihil
373 3614 488 3688 praeter
502 3607 719 3668 necessitatem
739 3605 779 3666 sit
793 3603 1036 3682 conjiciendum,
1052 3624 1109 3666 cur
1123 3606 1288 3667 credamus

162 3705 286 3766 animas
306 3707 369 3766 sive
388 3706 530 3766 omnium
550 3705 709 3766 Gaesarum
729 3703 792 3764 sive
811 3703 945 3781 Augusti
963 3702 996 3762 in
1014 3702 1098 3764 sidus
1116 3703 1195 3764 illud
1217 3722 1287 3764 evo-

161 3801 247 3864 lare?
267 3821 338 3863 cum
356 3821 405 3864 res
422 3802 561 3863 dilucida
576 3803 670 3880 plane
684 3802 752 3878 fiat,
771 3799 865 3860 modo
884 3806 1077 3880 reputemus,
1095 3819 1190 3880 quam
1210 3800 1285 3873 vim,

191 4078 213 4125 l.
231 4075 332 4139 Manil,
349 4033 465 4134 Astrlm„
479 4077 500 4136 l,
516 4075 561 4124 384
577 4088 637 4138 sqq.

190 4147 214 4194 2.
230 4147 330 4204 Freier‚
346 4161 387 4210 op.
402 4147 428 4203 l.,
444 4162 471 4211 p.
488 4147 526 4196 18.

190 4217 214 4265 3.
230 4216 286 4266 Val.
303 4217 384 4277 Man,
397 4215 578 4280 Proteum-ud
593 4213 722 4264 Tiberium
738 4214 863 4265 Gaesarem
878 4214 1038 4279 Aupuatum.

235 4305 348 4380 lusson.
1132 4304 1148 4358 2
