3184 5125
768 390 929 453 ...14-

429 563 485 620 Sed
499 561 623 618 nimium
637 560 790 633 indulgens
804 559 889 614 rebus
905 559 1032 613 Fortuna
1046 556 1178 613 secundis

428 642 539 699 Invidet
550 642 580 698 in
594 640 669 697 facie
684 640 823 711 saevitque
837 638 996 710 asperrima
1009 636 1099 694 fronti
1113 640 1135 693 ¹.

286 822 389 893 Quam
408 820 543 882 fortunae
568 818 717 879 inuidiam
738 817 786 879 vir
801 815 999 878 acutissimus
1020 816 1053 877 in
1072 815 1157 896 faeie
1172 816 1288 879 Tiberii
1302 818 1421 900 depre-

287 918 408 992 hendit,
432 918 464 978 in
491 934 555 996 qua
576 914 744 977 Suetonius
761 914 858 975 tradit
879 914 1000 975 crebros
1025 934 1061 975 aa
1086 913 1203 975 subitos
1233 918 1419 997 apparuisse

289 1024 433 1076 tumores.
457 1014 556 1075 Credo
580 1013 737 1093 equidem,
759 1012 784 1073 si
804 1011 862 1073 hos
883 1019 1023 1074 tumores
1050 1012 1197 1074 Manilius
1224 1014 1323 1076 oculis
1346 1016 1418 1076 ani-

289 1112 517 1186 madvertisset,
533 1130 596 1172 non
612 1130 683 1172 eum
699 1111 943 1171 commissurum
957 1110 1053 1172 luisse
1068 1116 1103 1171 ut
1117 1110 1189 1171 illos
1203 1110 1236 1171 in
1251 1112 1419 1175 scribendo

288 1210 365 1271 Urbi
379 1217 410 1271 et
424 1210 498 1272 Orbi
511 1216 542 1271 et
559 1209 693 1289 posteris
710 1209 911 1270 denuntiaret
928 1227 935 1269 :
953 1228 1029 1269 num
1050 1209 1134 1269 enim
1151 1208 1327 1271 incuriosus
1342 1230 1415 1291 pro·

289 1308 367 1388 priae
387 1309 498 1369 forma
523 1307 817 1388 suprahumanam
840 1307 1098 1368 consuetudinem
1121 1306 1218 1368 bomo
1243 1309 1417 1371 Germanus

289 1406 457 1483 ignoravit,
474 1425 538 1467 non
559 1410 623 1465 tam
642 1404 789 1466 acerbam
810 1392 967 1483 plerisque
984 1403 1172 1467 mortalibus
1191 1405 1365 1467 multorum
1383 1405 1417 1467 in

290 1504 396 1564 animo
412 1503 560 1563 vitiorum
574 1520 671 1580 quam
687 1501 819 1581 alicujus
831 1501 865 1560 in
879 1520 933 1563 ore
948 1502 1152 1581 turpitudinis
1166 1522 1232 1564 esse
1245 1504 1417 1584 reprehen-

291 1599 430 1661 sionem?
445 1601 659 1679 Praeterqnam
675 1599 770 1678 qnod,
783 1603 817 1658 ut
831 1598 863 1658 in
878 1616 915 1660 eo
931 1600 1016 1679 quod
1029 1600 1144 1661 dicitur
1159 1602 1335 1663 Germanici
1347 1602 1421 1663 the-

290 1703 386 1773 mate,
402 1697 447 1758 ita
461 1696 493 1757 in
507 1695 623 1757 Tiberii
638 1714 764 1776 quoque
777 1696 950 1777 praedicata
967 1697 1001 1757 in
1021 1698 1201 1759 universum
1220 1699 1300 1777 signi
1319 1699 1421 1761 virtus

290 1795 422 1875 proprio
437 1795 576 1874 quodam
591 1793 737 1873 exemplo
752 1814 789 1855 ex
810 1793 949 1855 historiis
970 1794 1065 1857 ducto
1077 1795 1276 1857 illustratur:
1294 1816 1369 1858 nam
1383 1804 1420 1859 ut

291 1893 354 1954 illic
370 1892 495 1954 Servius
509 1892 664 1973 Sulpicius
676 1898 883 1967 memoratur,
898 1892 1008 1953 ita'bic
1022 1893 1056 1953 in
1070 1893 1150 1955 facie
1163 1894 1338 1971 Annibalis,
1354 1914 1419 1957 non

289 1990 419 2067 Tiberii,
432 1990 580 2051 invidisse
595 2010 632 2051 ac
646 1991 781 2052 saeviisse
796 1992 936 2052 Fortuna
951 1991 1136 2053 ostenditur.

433 2150 600 2206 Horrendus
611 2151 687 2206 bello
703 2150 836 2206 Trebiam
851 2152 1021 2223 Cannasque
1033 2151 1186 2224 lucumque

433 2234 505 2285 Ante
519 2231 532 2284 f
534 2247 619 2302 agam
633 2231 686 2286 tali
699 2230 842 2302 pensabat
855 2231 984 2303 imagine
996 2231 1087 2286 victor
1102 2232 1125 2287 ².

293 2407 389 2468 Miror
409 2425 484 2467 sane
513 2409 658 2469 eumdem
685 2409 943 2471 delicatissimum
965 2409 1080 2483 virum,
1106 2410 1160 2491 qui
1188 2410 1259 2472 ideo
1283 2410 1421 2472 noluerit

293 2504 452 2584 scripsisse
472 2505 634 2566 Manilium
655 2506 713 2567 sub
732 2508 874 2585 Augusto
896 2506 1048 2588 principe,
1066 2507 1142 2588 quia
1160 2507 1193 2569 in
1211 2528 1249 2572 eo
1266 2508 1350 2570 visus
1374 2515 1422 2570 est

294 2621 421 2682 carpere
435 2604 485 2664 vel
497 2603 710 2681 ignorantiam
724 2605 772 2665 vel
785 2606 1010 2685 negligentiam
1025 2605 1198 2668 celestium
1214 2607 1421 2680 monitorum,

267 2751 268 2754 ,
293 2700 376 2762 unde
390 2701 466 2763 Vari
479 2702 583 2763 clades
599 2702 775 2782 praesentiri
788 2709 946 2782 potuerat,
959 2704 1005 2764 ita
1021 2703 1166 2766 alludens
1182 2723 1191 2767 τ

409 2927 412 2933 ,
436 2861 519 2932 Saepe
534 2861 614 2917 domi
628 2863 712 2933 culpa
727 2866 771 2917 est
787 2879 794 2918 :
811 2863 954 2918 nescimus
970 2865 1086 2920 credere
1102 2863 1172 2920 cmlo
1186 2865 1212 2933 3;

294 3034 402 3111 miror,
424 3036 566 3116 inquam,
592 3037 648 3117 qui
667 3044 732 3098 tam
752 3045 934 3119 promptum
957 3040 996 3101 ad
1018 3039 1224 3101 offensionem
1244 3041 1422 3119 Augustum

293 3133 471 3210 crediderit,
492 3135 637 3196 eumdem
663 3135 741 3197 adeo
768 3135 889 3197 lentum
909 3137 1068 3199 Tiberium
1093 3138 1230 3212 duxisse,
1257 3137 1297 3198 ab
1321 3157 1423 3217 eoque

294 3232 458 3295 Manilium
475 3234 568 3295 modo
584 3234 773 3315 prudentem
789 3254 825 3296 ao
841 3236 986 3297 timidum
1003 3237 1089 3317 quod
1104 3237 1143 3297 ad
1158 3240 1333 3314 Augustum
1349 3255 1424 3316 per-

294 3330 384 3406 tinet,
401 3333 496 3394 modo
512 3333 665 3395 audacem
685 3352 721 3394 ac
737 3333 872 3396 liberum
893 3335 979 3414 quod
994 3334 1035 3396 ad
1056 3333 1228 3408 Tiberium,
1244 3332 1422 3413 judicatum

294 3428 401 3491 inisse.
955 3435 958 3442 '
1286 3483 1288 3485 ,

335 3528 396 3586 Nec
410 3525 487 3587 mihi
498 3545 622 3589 necesse
638 3547 703 3590 esse
716 3529 843 3590 videt-ur
855 3530 1010 3610 templum
1026 3531 1129 3593 Fortis
1142 3533 1291 3593 Fortunae
1304 3548 1324 3591 a
1335 3528 1426 3591 Tibe·

296 3623 342 3684 rio
354 3623 532 3686 dedicatum
545 3625 638 3687 fuisse
654 3645 737 3688 anno
754 3626 847 3689 Urbis
857 3630 926 3700 770,
940 3633 1110 3710 antequam
1125 3627 1273 3691 Manilius
1288 3628 1424 3690 scribere

296 3727 403 3801 posset
418 3739 426 3784 ε

545 3856 652 3912 Faveat
667 3872 775 3929 magno
791 3858 918 3912 Fortuna
930 3856 1024 3914 labori
1036 3859 1061 3915 ⁴.

330 4032 353 4077 1.
366 4029 469 4092 Manli,
482 4031 598 4090 Astron..
615 4034 659 4094 lV,
675 4035 792 4083 tol-565.

327 4101 351 4148 2.
367 4100 418 4162 ld,
433 4101 507 4159 iota,
523 4102 565 4164 lv,
581 4105 697 4153 566-561.

328 4172 351 4220 3,
367 4171 417 4232 ld.,
433 4171 504 4230 ibid,
522 4174 542 4234 I,
557 4175 612 4223 905.
627 4201 657 4210 -
672 4175 772 4232 Freter,
786 4188 829 4237 op.
844 4175 874 4233 1.,
890 4189 916 4238 p.
932 4176 971 4224 30.

327 4243 351 4292 4.
367 4241 469 4304 Manil,
483 4243 598 4302 Astron..
615 4245 635 4306 1,
649 4245 703 4296 111.
716 4271 746 4282 -
758 4245 857 4307 Freier,
871 4259 897 4308 p.
913 4247 953 4296 l'l.
