3184 5125
635 467 795 532 ..79-

182 607 259 667 Eece
276 607 382 665 autern
403 601 518 663 adsunt
539 602 695 680 negotiosi
710 603 766 678 itti,
781 604 882 664 muita
896 603 1019 682 agendo
1036 604 1114 666 nihil
1131 614 1273 686 agentes,

138 703 179 765 de
203 702 318 782 quibus
343 702 460 763 Seneca
486 705 516 760 et
539 699 692 760 Phaedrus
715 701 880 762 notissima
904 701 1069 782 scripsere,
1097 704 1221 786 trepida
1242 712 1275 767 et

140 800 262 862 inutilis
278 817 355 877 gens
371 797 570 858 ardelionum
588 817 594 856 :

287 1083 398 1138 Limina
413 1082 600 1154 pervolitans,
614 1098 762 1155 unumque
778 1099 832 1155 per
846 1083 944 1138 amnia
957 1083 1077 1138 verbum

285 1164 367 1218 itane
383 1161 528 1217 salutandi
542 1167 662 1233 perteus
678 1162 838 1217 eommunis
853 1162 961 1218 amicus
973 1167 995 1218 ¹.

139 1360 230 1422 Nune
244 1376 338 1420 omne
351 1376 449 1437 genus
465 1356 647 1434 aurigarum
660 1357 865 1437 equitumque
883 1377 889 1419 :
963 1355 968 1362 “

286 1562 335 1619 Ille
351 1561 522 1634 (Heniochust
541 1559 620 1615 dabit
638 1561 788 1632 preprium
807 1562 945 1631 studium,
964 1563 1092 1634 caeloque
1112 1566 1273 1640 retentans,

288 1643 364 1706 Quas
379 1641 459 1713 prius
475 1641 504 1694 in
523 1641 608 1695 terris
623 1641 753 1714 agitator
768 1647 914 1697 amaverat
928 1647 1005 1698 artes
1021 1659 1028 1698 ε

288 1721 370 1777 Stare
383 1719 436 1776 levi
451 1738 534 1776 eursu
548 1720 749 1775 moderantem
766 1726 903 1792 quattuor
922 1740 973 1778 era

287 1801 462 1872 Spumigeris
477 1801 590 1856 frenate
604 1801 689 1872 lupis,
704 1803 733 1855 et
748 1803 863 1858 tteetere
878 1819 1019 1875 equorum

286 1881 457 1937 Praevabdas
473 1881 547 1936 vires
563 1897 595 1935 ae
611 1884 686 1935 torto
702 1881 843 1953 stringere
859 1898 929 1954 gyro
947 1905 953 1936 :

287 1964 323 2016 at
337 1978 403 2016 eum
416 1962 516 2016 laxato
529 1961 664 2032 sugerunt
675 1961 792 2016 cardine
806 1962 942 2032 claustra,

286 2041 436 2112 Exagitare
452 2040 542 2107 ieros,
559 2057 742 2112 pronumque
758 2041 869 2095 anteire
882 2041 1020 2107 volantes,

287 2121 394 2191 Vixque
409 2119 480 2174 rotis
495 2120 604 2175 levibus
619 2136 766 2174 summum
781 2121 948 2191 contingere
964 2137 1112 2193 eampum,

287 2201 452 2256 Vincentem
465 2200 588 2271 pedibus
602 2205 715 2269 ventos,
732 2199 776 2253 vel
788 2200 884 2271 prima
895 2202 1044 2256 tenentem

289 2281 414 2354 Agmina
428 2280 456 2333 in
472 2279 621 2351 obliquum
637 2297 737 2334 cursus
752 2280 864 2351 agitare
879 2279 1032 2352 malignos,

290 2360 519 2432 Obstantemque
538 2377 621 2414 mora
635 2362 728 2414 totum
744 2360 920 2431 praecludere
936 2361 1043 2416 circum
1057 2378 1064 2416 ε

237 2437 240 2443 '
287 2441 338 2497 Vel
353 2439 482 2494 medium
495 2439 589 2494 turbae
604 2457 680 2494 nune
696 2439 813 2494 dextros
827 2440 868 2495 ire
883 2457 936 2512 per
951 2442 1035 2496 urbes

288 2519 437 2576 Fidentem
452 2535 566 2591 eampo,
583 2535 660 2575 nune
672 2524 750 2575 meta
765 2535 879 2575 currere
895 2524 990 2590 acuta,

287 2601 433 2672 Spemque
448 2601 500 2654 sub
516 2604 647 2654 extremo
665 2600 783 2654 dubiam
799 2602 973 2672 suspendere
989 2619 1067 2659 easu.

319 2682 376 2736 Nee
392 2696 450 2734 nun
462 2681 573 2735 alterno
591 2680 719 2734 desultor
732 2680 826 2735 sidere
842 2680 928 2736 dorsu

286 2760 523 2831 Quadrupedum,
540 2764 569 2814 et
584 2760 700 2815 stabiles
715 2761 822 2832 poterit
837 2760 962 2834 deligere
977 2762 1101 2833 plantas,

286 2841 396 2911 Parque
408 2839 517 2895 volabit
532 2856 633 2911 equos
648 2840 751 2896 ludens
760 2857 814 2913 per
824 2843 1062 2913 tergavolauttim
1071 2843 1092 2897 ².

285 1005 379 1058 Instar
395 1001 448 1057 erit
463 1001 573 1073 pupuli,
589 1005 709 1073 totaque
724 1002 868 1058 habitabit
883 1002 912 1056 in
931 1002 1011 1071 urbe,

18 1577 19 1622 t

17 1769 19 1818 t

138 3042 232 3102 Nune
246 3040 405 3118 elegantes
423 3038 659 3117 adolescentuli,
677 3039 726 3099 sui
742 3038 938 3100 muliebriter
956 3045 1112 3119 amantes,
1128 3038 1273 3102 mollitiae

138 3138 254 3216 dediti,
269 3139 496 3217 Veneremque,
512 3136 562 3197 vel
575 3136 680 3216 potius
694 3138 823 3197 Veneris
834 3137 1005 3215 imaginem
1020 3142 1186 3217 sequentes
1203 3156 1210 3197 ε

289 3340 345 3395 tilis
357 3356 425 3397 eura
435 3338 479 3394 sui
492 3340 586 3395 uultus
600 3337 761 3409 frontisque
778 3338 889 3393 deeorae

289 3422 410 3491 Semper
424 3420 488 3486 erit,
502 3423 595 3474 tortos
609 3419 640 3472 iu
654 3418 775 3473 tluetum
790 3433 897 3489 ponere
911 3416 1013 3483 crines,

288 3501 345 3554 Aut
358 3497 456 3553 rinelis
471 3513 604 3553 revocare
619 3514 715 3552 eomas
730 3500 759 3552 et
773 3495 878 3552 vertice
893 3495 980 3551 deuse

287 3577 416 3651 Fingere,
433 3582 461 3633 et
475 3576 613 3651 appositis
628 3582 713 3650 eaput
729 3581 857 3632 emutare
872 3575 992 3647 eapitliS,

286 3657 509 3729 Pumieihnsque
523 3657 599 3713 cavis
615 3657 763 3712 horrentia
776 3655 909 3712 membra
923 3654 1025 3727 polire,

285 3739 378 3810 Atque
394 3737 487 3793 odisse
502 3737 605 3804 virum,
621 3736 787 3809 sterilesque
803 3739 904 3807 optare
918 3736 1055 3803 laeert0s;

287 3817 429 3872 Femineae
443 3819 546 3884 vestes,
562 3832 614 3871 nee
627 3816 658 3869 in
672 3832 754 3870 usum
769 3815 899 3888 tegmina
912 3815 1030 3886 plantis,

287 3896 345 3953 Sed
359 3896 468 3969 speeie;
482 3896 598 3969 fletique
609 3896 724 3967 placent
739 3895 777 3949 ad
791 3894 891 3949 mollia
903 3911 1016 3966 gressus

286 3975 408 4048 Semper
422 3993 523 4033 amare
538 3992 644 4048 parum
659 3976 712 4044 est,
726 3974 843 4046 cupient
855 3978 884 4029 et
898 3990 997 4029 amare
1011 3972 1102 4029 videri
1117 3974 1138 4029 ³.

176 4189 200 4237 t.
214 4188 295 4249 Man,
310 4188 429 4247 Astron„
443 4190 474 4253 V,
491 4190 530 4239 st.

172 4259 357 4320 2.1d.‚itid.,
377 4261 407 4322 V,
424 4264 462 4311 tt.

173 4332 199 4379 3.
215 4329 265 4392 la,
277 4330 352 4390 thid,
368 4332 400 4393 V,
416 4333 528 4394 rte-raa,
545 4330 600 4381 156.
612 4358 643 4367 -
657 4328 695 4379 nr.
711 4330 783 4394 Seu„
799 4329 831 4381 de
844 4328 976 4383 Brevitate
989 4332 1058 4392 vitae,
1074 4332 1129 4384 ΧΠ.
