3184 5125
808 474 968 538 ..22-

321 628 426 672 rarum
445 608 486 670 ab
499 609 640 688 Augusto
653 613 814 687 gestarum
831 608 1101 669 enumerationem
1120 606 1152 667 in
1167 606 1326 667 Tiberium
1341 607 1446 669 subito

321 708 464 769 desinere
486 726 577 787 posse
601 707 786 767 credamus?
808 706 905 785 Atqui
928 705 955 765 si
973 705 1115 766 Tiberius
1139 704 1332 779 nominetur,
1351 704 1386 765 in
1409 723 1447 767 eo

292 865 293 869 ,
320 804 516 878 haereamus,
540 803 798 883 inquiremusque
826 803 986 883 quomodo
1016 802 1048 862 id
1074 801 1142 863 fieri
1171 802 1311 881 potuerit
1341 819 1349 863 τ
1375 821 1447 864 cum

273 911 275 916 '
321 908 426 963 autem
446 901 485 962 de
503 899 559 961 illo
579 900 696 961 mentio
716 900 805 961 nulla
823 900 908 961 facta
928 900 978 975 sit,
993 918 1032 961 ne
1051 899 1114 959 vim
1133 898 1286 960 iaciamus
1305 900 1448 961 versibus

314 997 497 1059 .Manilianis
511 1016 589 1059 neve
603 996 763 1059 Tiberium
778 996 910 1059 moleste
925 997 1031 1058 invitis
1044 996 1254 1058 intrudamns.

360 1097 401 1156 At
427 1102 523 1175 negat
545 1096 673 1157 Freier¹
694 1102 766 1176 post
786 1096 861 1157 Vari
880 1095 1003 1156 cladem
1021 1095 1198 1173 Augustum
1219 1094 1366 1155 invictum
1385 1094 1448 1155 dici

319 1192 482 1273 potuisse?
504 1192 560 1254 Gui
580 1212 655 1254 vero
682 1212 747 1253 non
762 1194 858 1271 ‚venit
883 1192 915 1253 in
935 1198 1089 1266 mentem,
1110 1192 1229 1253 nemini
1252 1198 1319 1253 tum
1343 1191 1448 1252 visum

319 1292 413 1352 luisse
437 1290 541 1371 ipsum
561 1290 643 1351 vinci
663 1291 861 1369 Augustum?
875 1290 999 1351 Etenim
1018 1290 1044 1350 si
1060 1308 1118 1370 per
1132 1289 1253 1368 legatos
1273 1290 1450 1369 imperator

318 1388 550 1467 triumphabat,
566 1380 632 1449 non'
651 1407 726 1448 sane
741 1388 781 1449 ad
801 1388 1026 1468 imperatorem
1042 1387 1147 1449 clades
1166 1386 1399 1462 referebantur;
1416 1394 1449 1448 et

320 1502 369 1546 res
393 1483 433 1544 ab
459 1486 599 1561 Augusto
624 1490 728 1561 gestas
754 1484 1039 1560 considerantibus,
1071 1485 1159 1545 triste
1185 1502 1261 1545 sane
1286 1484 1448 1563 legionum

320 1581 528 1642 Varianarum
556 1581 686 1641 exitium
715 1580 873 1641 videbitur
899 1600 976 1654 esse,
996 1601 1062 1642 non
1090 1582 1122 1641 id
1147 1586 1266 1656 tamen,
1292 1581 1376 1659 quod
1400 1586 1450 1643 tot

320 1677 467 1738 victorias
480 1695 517 1737 ac
529 1677 708 1757 triumphos
722 1677 879 1740 obliteret.
889 1680 1105 1759 Praeterquam
1119 1680 1205 1760 quqd
1219 1678 1290 1759 quis
1301 1678 1446 1758 miretur,

320 1774 444 1835 etiamsi
469 1775 535 1855 ipse
560 1775 706 1854 princeps
730 1774 870 1853 legiones
893 1777 992 1837 victas
1015 1777 1151 1851 duxerit,
1174 1795 1247 1838 eum
1274 1782 1383 1837 tamen
1406 1776 1449 1838 ab

319 1870 536 1933 adulatoribus
550 1872 702 1933 invictum
717 1872 853 1934 haberi?

358 1970 395 2029 ln
410 1968 522 2030 ultimo
538 1988 612 2031 vero
627 1989 719 2031 versu
735 1989 846 2032 omnes
859 1971 1085 2033 laboraverunt
1101 1990 1109 2033 :

463 2159 592 2233 Cumque
606 2161 700 2215 Deum
715 2159 785 2215 calo
800 2159 924 2230 dederit,
938 2176 997 2217 non
1012 2162 1123 2232 quaerat
1136 2157 1166 2214 in
1180 2158 1260 2214 orbe.

322 2335 421 2407 Quem
436 2335 480 2399 ita
500 2336 620 2416 accepit
638 2336 835 2417 Lachmann,
852 2344 887 2399 ut
903 2356 976 2400 eum
995 2335 1053 2398 sub
1073 2336 1197 2397 Tiberio
1212 2335 1365 2415 scriptum
1380 2353 1448 2396 esse

321 2438 490 2512 appareret
514 2449 522 2494 :
550 2452 625 2494 nam
649 2435 803 2496 Caesarem
823 2435 948 2515 jamdiu
970 2440 1131 2496 mortuum
1150 2452 1210 2495 nec
1229 2433 1298 2513 jam
1319 2433 1360 2493 ab
1381 2432 1447 2493 ullo

322 2529 491 2609 quaesitum
519 2529 610 2607 dixit,
639 2532 817 2610 Augustum
843 2533 942 2612 igitur
970 2532 1037 2594 lato
1065 2551 1167 2612 nuper
1193 2530 1337 2592 functum
1365 2529 1447 2591 desi·

322 2626 413 2705 gnari
430 2627 454 2690 ².
475 2629 575 2700 Quam
599 2629 679 2690 adeo
702 2648 768 2690 non
792 2629 992 2691 verisimilem
1015 2629 1308 2709 interpretationem
1332 2629 1448 2708 etipse

322 2732 493 2807 perpetuus
507 2727 604 2807 hujus
622 2727 681 2788 viri
700 2726 875 2790 admirator
893 2728 1000 2789 Freier
1014 2727 1179 2808 judicavit,
1198 2733 1234 2788 ut
1251 2726 1447 2807 ingeniosum

322 2841 447 2884 sensum
463 2830 608 2886 excutere
623 2825 804 2887 tentaverit.
820 2827 900 2886 Nam
914 2845 979 2887 non
994 2827 1170 2906 Augustum
1186 2824 1275 2884 innui
1290 2824 1449 2904 professus

323 2925 380 2993 est,
397 2919 451 2979 sed
467 2921 624 3000 optavisse
643 2927 770 3001 poetam
790 2928 826 2982 ut
843 2921 957 3002 aliquis
976 2929 1067 3001 pater
1087 2921 1198 3002 patrica
1217 2940 1343 3001 semper
1356 2920 1448 2982 exsis-

322 3020 416 3093 teret,
429 3034 508 3077 neve
522 3019 622 3078 Roma
633 3017 848 3098 principatum
862 3024 1017 3080 everteret
1030 3019 1272 3099 libertatemque
1284 3017 1448 3098 antiquam

322 3118 494 3194 repeteret;
515 3118 547 3175 et
567 3113 622 3175 nbi
645 3114 715 3195 quis
736 3115 883 3197 princeps
903 3123 1005 3178 morte
1025 3116 1115 3178 divus
1137 3117 1171 3177 in
1192 3115 1304 3178 caelum
1325 3133 1449 3177 conces

323 3209 424 3285 sisset,
441 3210 590 3272 continuo
614 3210 705 3274 heres
730 3211 845 3294 aliquis
865 3213 942 3276 item
966 3213 1057 3276 divus
1077 3218 1178 3275 morte
1202 3214 1327 3274 iuturus
1344 3229 1448 3274 succe-

314 3308 412 3372 deret
424 3311 449 3385 ³,
465 3309 630 3390 virgiliani
643 3311 791 3373 carminis
806 3312 901 3375 modo
919 3332 926 3375 :

556 3519 609 3535 .....
613 3497 670 3536 uno
686 3481 785 3537 avulso
800 3497 859 3537 non
879 3479 976 3536 delicit
989 3479 1061 3536 alter

466 3556 588 3613 Aureus.

327 3721 416 3792 Quod
436 3728 542 3786 utrum
558 3729 772 3791 acutissimum
790 3749 833 3792 an
846 3731 1077 3812 ineptissimum
1094 3731 1135 3792 sit
1149 3729 1372 3810 reputandum,
1385 3743 1450 3788 non

326 3837 485 3898 quaeram3
516 3832 598 3887 certe
627 3846 739 3908 parum
768 3827 936 3890 verisimile
965 3833 1023 3890 est.
1052 3828 1141 3889 Unde
1169 3828 1252 3889 enim
1265 3829 1352 3907 [post
1379 3842 1449 3886 eam

324 3933 431 3980 rernm
444 3920 578 4000 Augusti
593 3926 928 3988 commemorationem
943 3926 1003 3987 ista
1014 3925 1047 3985 in
1061 3925 1242 3986 universum
1254 3923 1449 4005 principatus

325 4010 493 4079 laudatio?
521 4022 639 4093 Quodsi
666 4041 736 4085 eam
770 4023 906 4086 civitatis
935 4025 1072 4086 formam
1099 4028 1196 4103 poeta
1227 4020 1449 4084 commendare

356 4177 380 4226 l.
395 4177 496 4238 Frater,
511 4191 552 4242 op.
569 4179 596 4239 t,
612 4195 639 4245 p.
655 4182 694 4231 22.

355 4247 380 4296 ι.
394 4247 555 4308 Lachmann,
573 4250 591 4300 t.
607 4251 624 4300 t.

356 4318 382 4370 3.
396 4317 496 4381 Freiar,
511 4332 552 4382 op.
569 4318 597 4378 t,
612 4333 638 4384 p.
654 4320 733 4371 23-24.
