3184 5125
801 442 962 506 ..73-

315 575 501 648 Quintiliani
517 581 549 636 et
563 575 672 651 Taciti,
686 574 848 657 ipsiusque
864 575 1015 649 Petronii,
1037 574 1117 636 nihil
1133 573 1167 634 in
1186 573 1306 635 scholis
1325 575 1452 638 adoles·

318 679 423 736 centes
437 693 475 734 ex
490 673 527 734 iis
543 679 598 734 aut
612 674 717 735 videre
732 681 787 734 aut
805 675 914 735 audire
930 693 1001 754 quae
1017 672 1162 734 homines
1176 672 1209 732 in
1226 692 1284 733 usu
1297 672 1448 736 habeant.

317 771 409 835 Unde
428 769 490 832 illae
510 770 766 844 declamationes,
786 790 860 833 cum
880 772 974 833 rebus
992 777 1062 832 tum
1080 769 1226 832 oratione
1242 788 1336 832 novae
1356 776 1452 852 atque

319 868 514 931 admirendae
527 885 534 929 :
547 869 579 928 in
595 869 710 947 quibus
722 887 825 949 neque
841 867 1080 930 verisimilitudo
1096 886 1199 948 neque
1215 870 1453 947 argumentatio

319 966 384 1028 ulla
404 965 670 1046 deprehendatur,
693 966 771 1026 nihil
792 986 831 1027 ex
851 965 998 1045 utilitate,
1018 965 1098 1027 nihil
1118 965 1156 1026 de
1175 984 1269 1026 sensu
1290 967 1453 1029 communi

319 1063 463 1124 videatur
484 1082 551 1124 esse
575 1063 761 1125 detractum.
788 1068 830 1125 At
848 1065 931 1126 idem
956 1064 1136 1125 efficiebant
1154 1063 1221 1124 istis
1240 1063 1305 1124 suis
1322 1071 1452 1126 contro·

320 1159 428 1222 versiis
443 1160 621 1222 scholastici
631 1161 788 1236 homines,
804 1163 889 1222 intra
904 1162 1041 1240 parietes
1050 1161 1213 1239 ingenium
1223 1160 1345 1223 alentes
1356 1169 1451 1243 atque

319 1263 525 1337 exponentes,
542 1277 644 1339 neque
657 1260 739 1320 ullos
752 1260 816 1321 fori
831 1266 885 1321 aut
899 1259 1082 1321 ambitionis
1097 1259 1219 1320 fructus
1234 1259 1448 1339 respicientes,

320 1355 406 1437 quod
427 1363 538 1437 postea
560 1357 706 1418 fictarum
733 1357 851 1419 ludicre
875 1364 931 1418 aut
954 1357 1112 1440 pathetice
1137 1376 1242 1418 rerum
1267 1358 1451 1419 narratione

321 1453 412 1514 multi
436 1454 521 1534 apud
540 1473 598 1516 nos
617 1455 785 1535 scriptores
805 1460 1017 1517 tentaverunt.
1038 1455 1114 1516 llihi
1138 1458 1244 1516 autem
1268 1455 1450 1535 analogiam

318 1552 465 1630 sequenti
479 1551 605 1613 videtur
623 1552 760 1614 rhetoris
777 1553 884 1632 luisse,
899 1554 932 1614 in
951 1571 1047 1632 grave
1061 1571 1154 1633 opus,
1170 1552 1318 1633 quodque
1338 1553 1450 1615 docere

321 1647 459 1721 deberet,
479 1666 517 1708 ea
540 1649 689 1728 inserere,
711 1669 782 1729 quae
802 1669 886 1712 nunc
903 1651 1026 1711 levibus
1048 1650 1223 1724 versiculis,
1243 1656 1299 1711 aut
1322 1649 1451 1713 ludicris

320 1743 593 1824 descriptionibus,
624 1752 679 1807 aut
707 1747 835 1821 fabulis,
865 1754 900 1809 ut
929 1748 1053 1828 dicunt,
1082 1767 1190 1810 veram
1220 1766 1256 1809 eo
1285 1747 1450 1827 vulgarem

320 1841 419 1902 vitam
442 1841 649 1904 referentibus
676 1843 868 1906 addicerent.
894 1848 1014 1926 Nempe
1040 1845 1172 1907 litterati
1198 1844 1244 1907 illi
1274 1846 1450 1928 urbanique

320 1939 476 2014 homines,
502 1940 557 2021 qui
580 1940 798 2002 Astronomica
822 1942 992 2004 audiebant
1018 1943 1239 2023 legebantque,
1266 1945 1349 2005 salsa
1375 1964 1450 2026 qua·

320 2036 395 2097 dam
415 2037 570 2100 suavitate
591 2041 732 2118 profecto
752 2040 973 2120 titillabamur,
990 2060 1062 2102 cnm
1082 2041 1240 2120 designari
1259 2060 1297 2104 ao
1316 2042 1450 2104 describi

322 2135 518 2215 elegantibus
532 2155 607 2198 sane
623 2138 763 2199 versibus
778 2139 930 2201 sentirent
944 2139 1046 2201 lanios
1061 2138 1070 2173 ¹
1090 2157 1098 2200 :

465 2307 517 2371 Qui
530 2308 673 2379 pecudum
689 2309 828 2365 membris
842 2310 939 2366 media
951 2315 1120 2382 grassantur
1132 2310 1163 2365 in
1179 2311 1259 2380 urbe,

465 2388 499 2440 Et
512 2386 623 2443 laceros
636 2393 715 2444 artus
731 2391 909 2462 suspendunt
923 2391 1019 2446 lronte
1034 2391 1173 2461 tabernae,

463 2464 654 2538 luxuriaeque
669 2472 772 2540 parant
785 2471 896 2526 cadem
908 2473 1074 2543 mortesque
1089 2471 1250 2537 lucrantem

321 2630 353 2685 et
365 2622 542 2686 Tironienae
557 2626 722 2707 scripturae
738 2629 876 2709 peritum
893 2649 900 2691 :

781 2787 827 2842 cui
842 2787 938 2844 littera
954 2791 1075 2845 verbum
1094 2793 1147 2859 est,

467 2862 577 2934 Qrtique
592 2866 670 2920 notis
686 2866 818 2939 linguam
833 2874 959 2940 superet,
975 2870 1139 2943 cursimque
1153 2871 1300 2944 loquentis

465 2942 593 3013 Excipiet
605 2944 708 3015 longas
723 2963 799 3001 nove
812 2964 865 3018 per
879 2949 1051 3020 compendia
1064 2966 1149 3007 voces
1165 2952 1191 3020 ²;

323 3103 354 3161 et
369 3099 592 3181 peregrinandi
604 3103 761 3165 studiosos
777 3123 785 3165 ε

673 3265 736 3321 Non
750 3264 815 3322 illos
827 3266 942 3324 sedibus
957 3268 1052 3325 isdem

465 3342 559 3399 llollia
572 3360 625 3415 per
640 3345 768 3417 placidas
784 3347 928 3403 delectant
942 3349 1001 3405 otia
1016 3366 1110 3419 curas,

466 3422 522 3477 Sed
533 3424 614 3494 juvat
623 3424 736 3497 ignotas
752 3442 868 3499 semper
882 3431 1006 3484 transire
1019 3447 1072 3503 per
1086 3431 1182 3498 urbes,

466 3500 649 3575 Scrutarique
665 3522 771 3562 novum
782 3508 915 3579 pelagus,
930 3510 1018 3565 totius
1033 3515 1140 3567 stesso

466 3578 549 3636 Orbis
563 3582 592 3637 in
604 3583 731 3656 hospitio
748 3587 794 3641 ³...

322 3738 404 3812 Quin
418 3738 564 3801 salientes
577 3742 610 3802 in
625 3742 724 3807 bortis
737 3746 883 3809 villarum
900 3768 998 3829 aquas
1013 3755 1122 3831 specte
1135 3769 1260 3813 sursum
1276 3750 1340 3830 egi,

460 3899 582 3972 Ipsaque
594 3903 736 3959 conversis
751 3922 902 3980 aspergere
915 3907 1050 3965 lluctihus
1065 3912 1143 3966 astra
1155 3911 1178 3967 ⁴.

352 4089 375 4138 l.
390 4088 471 4149 Men,
484 4088 599 4149 Astron,
615 4093 659 4153 lV,
678 4094 729 4143 184.

351 4156 527 4217 2.1d.,toid.,
543 4161 586 4222 1v,
603 4164 656 4212 197.

352 4229 376 4278 3.
392 4228 443 4288 ld.,
455 4226 531 4288 ibid,
547 4229 590 4291 lV,
606 4232 660 4280 5l0.

353 4298 377 4348 l.
392 4296 442 4359 ld,
455 4296 529 4357 ibid„
543 4298 585 4362 IV,
596 4302 652 4351 263.
