3184 5125
812 450 972 514 ..50-

327 587 491 652 Debebant
505 585 551 646 illi
565 586 690 666 quidem
707 604 817 647 omnes
829 584 930 647 bonos
950 585 1086 660 efficere,
1102 583 1128 644 si
1143 584 1272 665 quidem
1287 585 1452 648 bominum

327 686 434 765 generi
454 685 669 747 consulebant.
690 683 742 745 Sin
757 683 789 743 id
805 683 922 757 minus,
936 683 1029 744 bonis
1041 682 1169 763 quidem
1190 689 1274 744 certe
1291 685 1450 746 consulere

327 783 495 845 debebant.
508 784 569 843 Gur
583 781 678 860 igitur
692 782 754 842 duo
770 781 943 860 Scipiones,
958 780 1144 842 fortissimos
1158 786 1191 842 et
1206 781 1344 862 optimos
1357 783 1449 856 viros,

326 882 359 943 in
382 882 533 962 Hispania
553 883 668 941 Poenus
692 879 904 959 oppressitl...
926 880 989 940 Gur
1013 879 1155 940 omnium
1180 880 1451 959 perfidiosissimus

237 1043 239 1048 ,
326 981 360 1042 (l.
385 980 500 1040 Marius
526 979 561 1049 O.
582 977 741 1052 Catulum,
763 977 1024 1057 praestantissima
1052 976 1204 1055 dignitate
1233 977 1348 1052 virum,
1373 980 1452 1039 mori

326 1077 430 1158 potuit
452 1076 585 1155 jubere?
605 1075 677 1136 Dies
697 1075 834 1152 deficiat,
858 1075 883 1135 si
909 1074 1004 1135 velim
1027 1093 1196 1136 numerare
1223 1075 1338 1154 quibus
1364 1074 1451 1136 bonis

270 1208 273 1216 ·
326 1175 408 1236 male
436 1174 584 1247 evenerit,
608 1192 666 1233 nee
693 1174 796 1233 minus
822 1173 847 1232 si
875 1191 1133 1251 commemorem,
1160 1173 1274 1252 quibus
1301 1173 1450 1253 improbis

326 1272 481 1353 optime...
495 1270 669 1331 Discrimen
686 1268 809 1330 nullum
828 1274 875 1332 est
894 1270 1096 1330 bonorumet
1112 1268 1281 1332 malorum.
1296 1293 1312 1326 »
1329 1271 1364 1331 ld
1379 1291 1450 1332 vero

325 1369 442 1431 stoicus
471 1369 601 1430 omnino
627 1368 766 1446 negabit,
792 1369 894 1430 bonos
920 1367 1071 1440 infelices,
1094 1368 1200 1428 felices
1225 1369 1326 1429 mulos
1353 1385 1448 1430 esse:

326 1487 438 1547 nempe
457 1467 608 1526 fatebitur
626 1473 657 1526 et
676 1466 776 1545 premi
796 1471 826 1525 et
845 1465 978 1526 lacerari
998 1471 1029 1524 et
1048 1465 1205 1544 exstingui
1221 1467 1335 1540 bonos,
1355 1467 1450 1527 abun-

325 1564 400 1625 dare
419 1563 511 1624 malis
532 1563 657 1624 divitias
682 1570 713 1622 ct
736 1563 864 1624 delicias
884 1569 915 1624 et
934 1582 1048 1640 regna;
1068 1568 1101 1624 at
1120 1582 1184 1624 non
1207 1563 1325 1626 idcireo
1350 1565 1392 1625 ab
1415 1583 1449 1626 eo

326 1661 515 1724 clamabitur

537 1819 637 1875 Infelix
652 1819 740 1874 virtus
756 1822 784 1874 et
798 1819 886 1874 noxia
897 1819 975 1875 felix.

325 1995 446 2077 Quippe
466 2016 504 2058 ea
523 1996 630 2058 omnia
652 1997 719 2058 fato
743 1996 871 2076 quidem
896 1996 1067 2078 permittet,
1085 2003 1216 2080 reponet
1234 2001 1341 2059 autem
1364 2002 1449 2059 extra

324 2094 505 2156 felicitatem
523 2113 530 2155 :
548 2113 644 2174 quam
658 2113 728 2156 cum
745 2095 860 2155 virtute
875 2100 906 2156 et
921 2094 1077 2174 sapientia
1090 2095 1209 2155 donum
1229 2114 1248 2155 a
1264 2113 1297 2156 se
1310 2095 1408 2157 habet
1421 2104 1449 2158 et

323 2193 425 2254 bonus
448 2199 480 2254 et
503 2193 638 2271 sapiens.
659 2194 739 2252 Nam
760 2192 830 2272 quis
849 2193 1055 2254 celeberrima
1073 2187 1130 2253 illa
1154 2193 1368 2254 Ciceronianae
1394 2213 1448 2274 pro

323 2290 454 2351 Murena
472 2289 624 2350 orationis
641 2290 795 2350 memoria
813 2309 877 2351 non
892 2296 978 2350 tenet
995 2312 1002 2349 ε
1020 2314 1036 2347 «
1052 2291 1136 2351 solos
1155 2290 1313 2371 sapientes
1330 2311 1409 2367 esse,
1425 2292 1449 2352 si

323 2385 535 2447 distortissimi
559 2388 632 2460 sint,
650 2388 821 2462 formosos;
844 2387 870 2447 si
895 2387 1128 2461 mendicissimi,
1149 2388 1275 2464 divites3
1302 2390 1327 2450 si
1351 2390 1448 2450 servi-

326 2488 423 2544 tutem
438 2483 587 2564 serviant,
604 2503 692 2565 reges
708 2485 740 2545 ¹?
756 2510 771 2542 »
788 2485 863 2557 Quis
882 2491 913 2546 et
930 2485 1015 2565 apud
1031 2488 1183 2548 Senecam
1198 2505 1262 2547 non
1276 2487 1449 2547 uberrimas

322 2582 393 2645 illas
413 2582 641 2661 disputationes
660 2583 747 2661 legit,
768 2583 883 2664 quibus
907 2584 1026 2645 amicos
1050 2584 1239 2646 adhortatur
1262 2592 1297 2646 ut
1320 2586 1450 2653 fortuita

225 2691 226 2696 ’
323 2680 430 2741 omnia
449 2686 480 2741 et
498 2680 608 2741 fatalia
625 2699 716 2761 aequo
736 2682 843 2741 animo
864 2683 977 2754 ferant,
991 2688 1143 2762 tanquam
1165 2702 1266 2762 neque
1285 2684 1371 2744 bona
1390 2684 1450 2743 sint

322 2795 423 2857 neque
439 2776 535 2850 mala,
550 2797 645 2857 seque
660 2798 724 2839 suae
742 2797 866 2859 semper
884 2778 1044 2840 felicitatis
1063 2780 1199 2841 arbitros
1212 2785 1333 2860 putent.
1349 2783 1449 2853 Quam
1494 2811 1497 2819 ·

321 2873 417 2949 igitur
441 2872 567 2935 absonae
592 2876 762 2936 stoicorum
790 2876 918 2936 auribus
942 2878 1152 2958 absurdaeque
1176 2885 1249 2939 sunt
1272 2878 1323 2939 ha
1345 2897 1448 2957 voces,

322 2986 418 3048 quam
432 2969 515 3031 inter
528 2990 560 3033 se
572 2972 691 3050 junctae
707 2979 851 3053 pugnant
866 2992 903 3035 ac
917 2975 1004 3054 uelut
1018 2975 1174 3056 copulatae
1190 2974 1309 3037 latrant
1325 2994 1333 3037 :

660 3155 761 3211 Infelix
773 3156 874 3213 virtus!

361 3312 457 3392 Atqui
470 3312 615 3375 Manilius
630 3315 740 3376 suadet
755 3320 789 3376 ut
804 3316 914 3378 fatalia
929 3285 1088 3397 patiamur
1104 3332 1113 3378 z

590 3504 657 3561 Sors
672 3508 715 3560 est
731 3522 783 3561 sua
797 3506 902 3580 cuique
916 3507 1036 3564 ferenda
1050 3508 1073 3563 ².
1120 3506 1122 3508 '

321 3673 396 3745 Quis
407 3693 482 3736 vero
502 3680 689 3759 astrologus,
705 3679 770 3743 ullo
783 3687 937 3762 tempore,
952 3682 1018 3744 ulla
1031 3691 1136 3763 gente,
1153 3703 1219 3747 non
1231 3685 1344 3746 eadem
1365 3702 1450 3763 prae-

322 3770 426 3833 dicare
444 3776 596 3852 cogetur?
609 3777 712 3857 Atque
724 3778 870 3859 equidem
885 3780 949 3842 scio
965 3781 1096 3843 ferenda
1107 3802 1174 3845 esse
1188 3782 1305 3844 stoicos
1322 3798 1449 3863 quoque

321 3869 480 3947 docuisse,
510 3891 581 3952 quae
610 3880 699 3937 extra
725 3876 867 3938 animum
896 3879 999 3958 posita
1026 3879 1188 3942 immutari
1214 3900 1279 3942 non
1309 3884 1448 3960 possent.

320 3968 437 4029 Eorum
454 3975 560 4032 autem
578 3974 732 4035 sententia
746 3994 844 4055 quam
861 3975 1022 4038 dissimilis
1036 3985 1084 4039 est
1099 3998 1118 4039 a
1137 3978 1256 4039 Manilii
1275 3977 1447 4039 sententiat

321 4065 400 4125 Nam
416 4067 460 4140 hi,
478 4070 673 4150 praecipuum
691 4072 724 4132 id
743 4089 810 4134 esse
828 4091 886 4136 nee
905 4094 1046 4155 unquam
1065 4076 1141 4137 satis
1160 4076 1352 4137 illustratum
1372 4072 1442 4147 rati,

352 4248 374 4295 i.
391 4247 454 4309 ura,
467 4250 517 4299 rro
532 4230 610 4308 uua,
625 4246 712 4315 xxii,
730 4256 768 4305 er.

351 4319 375 4367 2.
391 4319 507 4378 Astron„
523 4322 566 4381 lv,
582 4324 621 4372 22.
