3184 5125
796 435 955 498 „94-

310 573 384 634 lam
397 588 473 632 vero
492 568 587 630 tertia
606 574 703 628 tantae
724 566 887 646 tragoediae
907 583 1055 646 persona,
1071 560 1249 628 monstrum
1268 565 1451 646 inducitur,

313 687 378 750 quo
393 687 459 732 non
476 667 579 748 ipsum
595 665 675 727 illud
688 664 894 726 Theramenis
909 669 1092 744 portentum
1108 664 1281 726 immanius
1295 671 1343 728 est
1359 685 1367 730 τ
1409 724 1411 728 a
1436 723 1442 728 Δ

632 861 772 920 Gravidus
783 862 846 934 jam
859 876 980 933 surgere
992 861 1098 932 pontus

455 947 596 1018 Goeperat,
613 948 662 1000 aut
677 945 763 1015 longo
779 941 931 1013 fugiebant
944 939 1062 1012 agmine
1077 940 1181 995 tluotus

455 1025 622 1096 impellentis
636 1038 704 1080 onus
718 1025 844 1078 monstri.
861 1021 954 1092 Caput
972 1019 1082 1075 eminet
1092 1019 1179 1075 undis

455 1103 632 1170 Frendenlis,
647 1104 824 1174 pelagusque
836 1101 939 1170 vomit,
955 1102 1139 1156 circumsonet
1153 1114 1246 1172 aepuor

456 1183 598 1250 Dentibus,
617 1184 700 1253 taque
714 1183 773 1251 ipso
788 1180 920 1252 rapidum
935 1195 1011 1235 more
1025 1181 1139 1247 nouipot
1153 1194 1208 1234 ore.

455 1261 525 1317 Hinc
537 1259 609 1317 rasti
623 1264 741 1331 turgent
753 1258 903 1314 immensis
915 1257 1064 1330 torquibus
1078 1257 1175 1326 orbes,

456 1344 598 1411 Tereaque
612 1344 775 1396 consumunt
786 1340 922 1409 pelopea·
937 1341 1019 1393 sonat
1033 1336 1162 1409 undique
1175 1337 1314 1410 Phorcys;

453 1421 547 1492 Atque
557 1421 616 1489 ipsi
628 1416 754 1474 metuunt
762 1424 868 1474 montes
879 1418 1036 1488 scopulique
1051 1422 1188 1474 mentem.

313 1617 383 1679 Tali
396 1618 588 1680 adventante
602 1618 720 1694 bellua,
737 1617 825 1680 loeus
840 1618 910 1698 jam
924 1622 1027 1698 poetae
1041 1615 1166 1677 videtur
1184 1633 1251 1676 esse
1267 1613 1447 1677 Androme-

311 1714 386 1776 dam
401 1714 596 1797 alloquendi,
612 1715 712 1795 eujus,
729 1716 838 1794 oredo,
853 1715 973 1784 tristior
987 1713 1092 1775 vultus
1105 1712 1179 1775 fuit.

453 1907 555 1964 Infelix
570 1907 663 1982 virgo,
678 1908 811 1980 quamvis
827 1908 881 1964 sub
896 1907 1008 1964 vindice
1021 1911 1115 1976 tanto,

456 1988 525 2054 Quae
538 1993 589 2044 tua
604 1993 674 2044 tuno
685 1989 781 2044 iuerat
799 1988 906 2044 faciest
921 1990 995 2053 Quos
1009 1989 1086 2056 supet
1100 1988 1132 2042 tra
1144 2002 1229 2043 curos

455 2067 597 2139 Spiritus?
611 2070 643 2123 ut
656 2072 717 2124 toto
733 2070 886 2124 caruerunt
900 2067 1041 2141 sanguine
1056 2065 1209 2123 membra?

455 2147 527 2204 Cum
540 2153 589 2204 tua
602 2150 664 2217 [oto
676 2153 751 2205 cavis
766 2153 782 2204 e
796 2149 916 2220 rupibus
930 2152 994 2219 ipso
1004 2149 1122 2216 uideres,

454 2228 665 2299 Adaontemque
679 2230 729 2284 tibi
737 2244 858 2299 poenam,
875 2229 1053 2301 pelagusque
1068 2227 1223 2295 ferentem,

393 2301 397 2311 ’
455 2307 602 2374 Quantula
615 2308 714 2381 praeda
729 2308 833 2364 marist

312 2505 422 2587 Pugna
437 2515 544 2572 autem
561 2507 759 2590 aliquantum
773 2509 879 2592 friget,
896 2509 953 2573 etsi
968 2514 1063 2591 poeta
1076 2526 1143 2571 non
1164 2504 1348 2573 communia
1367 2521 1445 2586 rep-

313 2606 394 2685 perit
410 2628 417 2669 :

670 2767 783 2835 Quassis
796 2768 844 2824 hio
861 2768 992 2824 subvolat
1006 2767 1059 2823 alis

453 2847 574 2901 Perseus
587 2850 615 2901 et
629 2849 699 2903 caelo
714 2849 843 2919 pendens
849 2847 995 2919 jaculatur
1008 2846 1038 2903 in
1047 2847 1172 2911 hostem,

454 2925 607 2995 Gorgoneo
624 2926 746 2981 tinctum
761 2927 891 2998 defigens
903 2926 1042 2999 sanguine
1059 2925 1181 2981 ferrum.

453 3002 505 3057 Illa
521 3003 597 3057 subit
611 3009 721 3074 eontra,
738 3021 909 3077 versamque
925 3022 942 3061 a
960 3008 1074 3078 gurgite
1090 3006 1218 3060 frontem

453 3081 553 3156 Erigit,
569 3087 599 3140 et
612 3083 695 3140 tortis
709 3083 835 3140 innitens
851 3084 968 3141 orbibus
982 3086 1038 3141 alte

453 3162 574 3233 Emicat,
591 3180 624 3220 ac
634 3166 696 3219 toto
710 3164 843 3221 sublimis
855 3182 975 3239 corpore
989 3165 1091 3223 fertur.

454 3242 511 3299 Sed
525 3248 670 3315 quantum
684 3244 734 3301 illa
750 3245 838 3315 subit,
855 3261 989 3318 spumam
1006 3245 1153 3316 ejuculata
1167 3244 1324 3317 profundo,

452 3322 484 3376 ln
498 3326 613 3379 tantum
626 3325 745 3394 revolat,
760 3325 918 3397 laxumque
932 3342 985 3397 per
996 3326 1106 3381 aelhera
1116 3323 1191 3380 ludit

453 3400 584 3470 Perseus,
600 3406 629 3457 et
642 3403 699 3459 ceti
713 3405 864 3461 subeuntis
878 3406 1010 3461 verberat
1020 3421 1081 3460 ora.

452 3479 509 3535 Nec
523 3482 600 3537 cedit
612 3486 711 3538 tamen
725 3484 776 3539 illa
789 3484 861 3551 viro,
873 3484 922 3539 sed
936 3487 1013 3540 seuit
1025 3486 1057 3539 to
1071 3498 1156 3539 curos

451 3561 598 3632 Mortibus,
610 3567 636 3618 et
649 3566 716 3619 aaut
730 3566 869 3634 crepitant
881 3567 938 3619 sine
951 3565 1064 3620 uulnere
1077 3565 1191 3628 dentes;

451 3639 540 3709 Effiai
555 3647 580 3696 et
594 3644 625 3697 tn
638 3644 735 3699 calum
746 3645 877 3713 pelopea,
889 3644 1053 3716 mergitque
1065 3642 1208 3699 volantem

453 3719 625 3791 Sanguineis
640 3723 735 3792 undis,
751 3730 922 3794 pontumque
937 3725 1059 3780 custtllot
1072 3726 1102 3778 tn
1121 3728 1205 3777 ostra

453 3799 608 3871 Spectabat
619 3819 745 3873 pupnom
756 3804 905 3873 pupnondt
924 3820 1010 3860 causo
1023 3804 1134 3875 puella;

451 3881 574 3952 lamque
590 3882 678 3938 oblita
692 3882 737 3938 sui
750 3883 855 3938 meluit
869 3900 922 3954 pro
936 3883 1048 3938 vindice
1062 3882 1113 3937 tati

451 3959 613 4033 suspirans,
630 3965 774 4030 animoque
787 3965 877 4033 mopis
892 3980 976 4035 quom
987 3979 1098 4033 corpore
1109 3961 1223 4033 pendet.

450 4041 579 4096 Tandem
595 4043 735 4098 confossis
749 4043 879 4099 subsedit
893 4043 991 4099 bellua
1004 4042 1143 4097 membris

451 4121 537 4175 Plena
550 4121 649 4188 maris,
665 4138 853 4194 summasque
872 4123 979 4179 iterum
994 4121 1132 4179 remearit
1150 4120 1189 4177 ad
1207 4117 1313 4185 undas,

450 4200 485 4252 Et
496 4214 637 4272 magnum
651 4206 733 4256 vasto
748 4202 875 4257 contexit
889 4218 1008 4275 corpore
1023 4205 1160 4275 pontum;

451 4279 527 4334 Tune
540 4296 653 4353 quoque
668 4282 813 4351 terribilis,
829 4299 878 4339 nco
888 4286 1005 4353 uirpinis
1017 4299 1063 4340 ore
1072 4282 1202 4340 videndo.
