3184 5125
746 401 907 466 ..40-

265 566 336 612 cum
358 550 461 607 totum
480 542 563 604 inter
581 558 613 600 se
634 537 743 599 mundi
768 556 883 618 corpus
907 542 1077 616 cognatum
1101 554 1168 598 esse
1191 540 1232 612 et,
1247 541 1284 598 ut
1306 537 1397 598 Graii

264 647 400 717 aiebant,
424 637 559 722 συμπαθὲς
580 639 667 718 ἐαυτῷ
691 637 802 714 refert,
826 634 987 696 hominem
1012 633 1142 696 minime
1167 634 1400 697 convenienter

264 747 459 826 praepostero
478 738 598 801 honore
613 740 738 817 separat
754 739 848 813 utque
866 732 1003 812 sejungit
1019 749 1027 793 :

584 938 672 995 quem
687 920 812 993 denique
826 924 856 975 tn
870 935 955 976 unum

407 1001 558 1062 Descendit
572 1002 642 1058 deus
657 1005 743 1074 atque
758 1000 871 1056 habitat
884 1002 905 1054 ¹.

304 1201 374 1261 Non
389 1204 495 1261 autem
513 1197 721 1260 admiscendae
737 1201 812 1257 sunt
825 1195 877 1256 hic
893 1193 963 1255 duae
979 1192 1150 1256 stoicorum
1172 1193 1395 1256 diversissima

265 1297 440 1377 opiniones.
467 1299 545 1358 Nam
575 1295 693 1357 nonin
716 1294 878 1356 hominem
909 1312 1006 1353 unum
1029 1291 1190 1354 descendit
1221 1291 1309 1368 dens,
1336 1293 1391 1353 sed

265 1414 328 1457 non
352 1395 379 1456 is
402 1395 503 1472 magis
523 1379 630 1454 divino
655 1393 766 1473 spiritu
791 1392 936 1463 afflatur,
963 1390 1056 1470 vique
1081 1390 1213 1451 rationis
1237 1390 1394 1452 universae

264 1493 390 1566 fruitur,
401 1511 496 1570 quam
512 1497 616 1552 cetera
630 1491 793 1565 animalia,
804 1507 899 1568 quarn
917 1507 1003 1569 apes,
1016 1488 1055 1549 de
1068 1488 1184 1569 quibus
1195 1507 1233 1550 ea
1246 1487 1395 1568 pulcher·

263 1589 344 1650 rima
357 1589 507 1667 Virgilius
523 1607 530 1648 :

405 1755 472 1808 Esse
485 1753 589 1825 apibus
603 1757 718 1824 partem
734 1751 837 1808 divinae
849 1753 955 1808 mentis
970 1757 999 1809 et
1012 1754 1133 1808 haustus

405 1834 547 1890 AEtherios
562 1833 658 1889 dixere
670 1852 676 1902 ;
689 1833 775 1888 deum
791 1849 917 1905 namque
933 1833 975 1888 ire
988 1850 1041 1904 per
1056 1849 1157 1889 omnes

405 1915 563 1986 'serrasque
577 1915 744 1984 tractusque
758 1912 847 1967 maris
860 1913 1021 1985 caelumque
1033 1913 1099 1986 prol
1102 1913 1210 1968 undum
1227 1930 1233 1967 :

408 1993 478 2048 lline
489 1993 623 2064 pecudes,
641 1995 782 2058 armenta,
798 1991 884 2062 viros,
901 2008 993 2065 genus
1007 2009 1093 2047 omne
1107 1992 1236 2047 ferarum

407 2073 556 2145 Quemque
569 2073 621 2129 sibi
635 2076 738 2128 tenues
752 2075 917 2145 nascentem
929 2088 1074 2128 arcessere
1087 2071 1192 2128 ritas2.

304 2270 392 2330 Nunc
407 2288 492 2344 varo,
505 2289 577 2332 cum
593 2273 675 2331 Dens
690 2271 722 2330 in
738 2270 960 2350 quodcumque
974 2268 1092 2331 animal
1108 2287 1140 2330 se
1154 2269 1312 2345 infundat,
1328 2269 1394 2330 sin-

265 2364 368 2444 gulari
380 2368 519 2444 quadam
531 2374 562 2428 et
574 2369 688 2428 eximia
701 2368 889 2446 cognatione
904 2387 976 2428 curn
991 2367 1178 2447 quibusdam
1192 2367 1389 2441 bominibus

264 2463 356 2524 bonis
380 2463 496 2526 scilicet
520 2483 557 2526 ac
581 2465 789 2545 sapientibus,
812 2465 894 2526 idem
915 2466 999 2525 Deus
1014 2465 1144 2544 junctus
1164 2471 1222 2526 est.
1243 2489 1258 2521 «
1272 2467 1308 2526 ln
1327 2484 1392 2527 uno

265 2581 391 2642 quoqne
405 2561 564 2625 bonorum
576 2564 728 2638 virorum,
742 2565 785 2625 ait
799 2554 928 2636 Seneca,
942 2564 1025 2645 (quis
1039 2565 1131 2638 Dens,
1146 2564 1304 2625 incertum
1319 2565 1388 2646 est),

264 2660 387 2721 habitat
400 2662 494 2724 Deus.
513 2686 528 2719 u
544 2662 684 2742 Apparet
698 2680 773 2741 ergo
791 2681 856 2723 non
876 2662 1038 2723 hominem
1059 2662 1098 2721 ab
1120 2661 1320 2737 animalibus,
1337 2663 1391 2724 sed

265 2758 472 2835 paucissimos
493 2760 673 2821 hominesa
694 2760 806 2820 ceteris
821 2779 891 2820 cum
912 2758 1103 2820 animalibus
1122 2765 1190 2820 tum
1210 2760 1392 2821 hominibus

265 2858 458 2916 sevocandos
471 2858 599 2935 Deoque
616 2857 733 2917 arctius
745 2857 935 2936 jungendos.
950 2857 1039 2928 Quod
1056 2876 1120 2918 non
1140 2858 1236 2918 sensit
1247 2857 1391 2919 Manilius

265 2950 452 3032 miscuitque
468 2952 614 3032 pessime,
626 2971 696 3032 qnae
713 2953 803 3013 stoici
818 2954 934 3027 ferunt,
947 2954 1053 3015 omnia
1064 2954 1098 3014 in
1114 2955 1232 3017 mundo
1247 2974 1311 3016 esse
1326 2956 1392 3017 Deo

266 3054 413 3129 cognata,
429 3068 561 3130 quaeque
581 3048 707 3128 vulgus,
725 3069 880 3111 summam
900 3050 1023 3112 homini
1040 3069 1137 3132 supra
1155 3052 1307 3113 animalia
1326 3071 1392 3115 esse

266 3146 502 3210 excellentiam.

306 3245 436 3322 Deinde,
458 3254 628 3328 postquam
648 3247 756 3327 stoice,
771 3266 843 3328 quae
863 3246 982 3327 rettuli,
998 3248 1036 3309 de
1058 3250 1122 3310 Deo
1138 3268 1195 3328 per
1213 3254 1315 3309 totum
1335 3268 1391 3309 na-

267 3348 347 3405 turae
369 3346 476 3407 orbem
497 3346 601 3407 infuso
622 3353 716 3427 atque
737 3346 875 3426 spirante
896 3346 1021 3408 locutus
1036 3350 1093 3421 est,
1111 3346 1174 3410 alia
1193 3346 1301 3426 adjicit
1319 3366 1390 3426 qnae

267 3442 465 3504 Aristotelico
495 3444 544 3504 vel
572 3443 743 3505 christiano
770 3444 866 3505 modo
888 3443 1028 3505 divinam
1055 3444 1193 3523 aliquam
1224 3462 1390 3524 personam

266 3556 364 3618 supra
378 3539 531 3602 mundum
547 3539 706 3602 collocant
719 3548 957 3623 creatoremque
970 3562 989 3603 a
1003 3548 1110 3603 creato
1125 3542 1306 3621 sejungunt.

409 3725 493 3790 Quod
507 3726 560 3784 nisi
576 3728 706 3802 cognatis
717 3728 855 3785 membris
869 3732 1005 3785 contexta
1018 3733 1149 3786 maneret

340 3856 343 3861 .
409 3806 549 3877 Machina,
563 3811 592 3864 et
603 3811 732 3879 imposito
746 3813 861 3882 pareret
874 3814 936 3865 tota
947 3813 1090 3881 mucistro,

409 3891 449 3944 Ac
462 3890 690 3963 tantum-mundi
706 3893 820 3962 regeret
833 3890 985 3961 prudentia
998 3906 1124 3958 sensnm,

408 3969 470 4025 Non
485 3972 560 4025 esset
575 3969 661 4025 statio
676 3970 771 4039 terris,
785 3986 845 4025 non
860 3970 985 4026 ambitus
999 3969 1083 4026 astris
1087 4011 1140 4025 .....

297 4180 320 4229 l.
337 4176 452 4237 Astron„
468 4178 502 4241 11,
517 4180 571 4229 tot.
587 4207 617 4216 -
630 4180 736 4240 Ferraz,
750 4192 776 4241 p.
792 4181 834 4229 52.

297 4250 320 4299 2.
333 4248 415 4313 virg„
432 4248 532 4313 Georq,
550 4250 592 4311 IV,
608 4252 663 4299 220.
