3184 5125
650 430 810 490 ...Π-

163 561 268 624 rendae
289 567 373 622 sunt.
396 562 476 621 Tum
499 561 532 621 in
551 561 660 641 primis
680 581 695 624 e
718 563 881 625 rhetorum
903 565 1069 646 disciplina
1089 567 1145 630 illa
1164 570 1291 634 fabula-

162 661 237 721 toris
258 658 484 738 elegantissimi
507 658 641 720 Pedonis
665 659 854 723 Albinovani
874 661 913 723 de
934 664 1059 726 Oceano
1084 673 1157 728 sunt
1177 675 1289 744 tracta,
1319 649 1322 654 ’

162 777 230 838 quae
259 764 349 818 tanto
376 756 487 837 spiritu
514 756 597 818 dicta
620 759 739 820 Seneca
764 759 921 834 laudavit,
946 768 1065 840 quanto
1092 783 1185 826 nemo
1212 767 1295 828 alius

161 855 359 916 declamator
377 857 480 936 potuit
496 855 517 918 ¹.
535 856 581 916 Ob
601 856 745 917 eamdem
764 857 862 935 igitur
880 877 1019 938 causam,
1036 861 1121 941 quod
1136 864 1291 942 ejusmodi

161 953 237 1014 locis
253 952 398 1014 homines
413 959 482 1014 tum
495 952 744 1033 delectabantur,
762 955 928 1016 Manilius¹
942 956 973 1016 in
993 963 1061 1019 toto
1081 958 1157 1020 orbe
1178 960 1293 1023 descri-

161 1051 278 1125 bendo,
304 1051 533 1131 reddendisque
558 1052 621 1112 suis
645 1052 756 1131 cuique
779 1053 869 1130 signo
896 1055 987 1114 terris
1012 1074 1048 1117 ac
1074 1057 1200 1137 populis
1225 1065 1290 1121 tam

162 1154 329 1209 accuratus
344 1149 519 1228 longusque
532 1149 590 1210 luit
608 1168 614 1210 :
632 1150 687 1230 qui
703 1155 786 1211 certe
805 1151 893 1212 locus
906 1153 938 1212 in
953 1151 1174 1215 Astrounmicis
1189 1156 1290 1237 splen-

161 1245 226 1321 det,
243 1265 302 1306 nec
323 1246 380 1307 ulli
400 1246 495 1326 hujus
514 1247 668 1326 poematis
689 1248 784 1326 parti,
805 1247 900 1309 ullive
922 1249 1063 1328 ejusdem
1082 1254 1206 1329 generis
1226 1254 1293 1316 alio

159 1343 193 1404 in
213 1350 361 1424 poemate
377 1344 590 1426 descriptioni,
604 1345 670 1406 sive
685 1363 790 1406 rerum
806 1345 949 1420 veritate,
965 1347 1030 1408 sive
1044 1348 1214 1410 verborum
1231 1351 1291 1412 ele-

160 1442 270 1522 gantia
283 1442 385 1504 cedit?
394 1445 437 1503 Ac
448 1444 589 1522 profecto
603 1461 697 1505 nemo
710 1461 774 1504 non
790 1443 999 1505 admirabitur
1013 1463 1109 1524 quam
1122 1435 1290 1528 diligenter

159 1540 304 1601 versibus
328 1540 504 1620 depinxerit
527 1540 745 1620 circumjectas
764 1541 1001 1603 Mediterranea
1015 1544 1096 1603 mari
1117 1549 1217 1606 terras
1239 1548 1289 1608 vel

159 1657 287 1718 sparsas
302 1656 359 1717 per
370 1638 449 1698 illud
460 1638 592 1711 insulas,
606 1644 771 1718 totumque
784 1639 833 1699 his
843 1639 897 1719 qui
908 1646 976 1700 tum
986 1640 1134 1703 vivebant
1144 1643 1288 1706 homines

159 1741 272 1797 notum
286 1736 407 1810 orbem,
421 1737 510 1798 nullo
526 1737 620 1798 maris
633 1736 702 1797 sinu
720 1743 852 1798 terraeve
865 1738 981 1799 omisso
997 1739 1152 1819 projectu.

198 1834 351 1914 Denique,
367 1854 406 1896 ne
421 1855 516 1896 unum
532 1835 692 1914 quoddam
706 1843 939 1909 ornamentum,
952 1837 1037 1915 quod
1048 1844 1115 1897 tum
1128 1847 1288 1919 repertum

159 1932 280 2008 fuisset,
291 1933 378 2012 operi
394 1933 524 2006 deesset,
534 1933 638 1994 varias
652 1933 818 1995 hominum
834 1940 917 1994 artes
928 1941 959 1993 et
973 1941 1124 2012 quaestus,
1139 1955 1239 2015 eaque
1254 1939 1286 2000 in

160 2030 270 2110 primis
284 2051 354 2111 quae
368 2037 456 2092 extra
469 2031 621 2091 ordinatae
633 2031 704 2091 vitae
719 2030 977 2095 consuetudinem
991 2030 1095 2091 forent
1108 2051 1291 2114 novamque

160 2128 301 2209 aliquam
313 2133 368 2189 aut
378 2129 563 2189 iudustriam
578 2127 857 2189 auteuriositatem
868 2127 1033 2200 haberent,
1050 2127 1288 2206 diligentissime

159 2233 341 2308 persecutus
361 2233 417 2288 est.
436 2229 510 2300 Quae
525 2228 596 2289 ideo
616 2232 689 2288 sunt
704 2231 830 2306 recepta
849 2231 884 2285 ut
900 2243 1005 2285 rerum
1026 2225 1130 2286 vivida
1146 2228 1286 2290 novitate

159 2324 343 2404 languentia
371 2325 536 2386 hominum
564 2319 692 2404 ingenia
720 2329 751 2384 et
777 2330 936 2384 consueta>
964 2341 1088 2384 morum
1119 2324 1285 2402 elegantiae

159 2429 315 2502 rectaeque
327 2421 881 2502 aequabilitatispertaesaexcitarent.
895 2421 1166 2492 Quemadmodum
1178 2416 1295 2486 autem¹

158 2523 267 2583 rhetor
280 2520 324 2581 ibi
335 2521 599 2602 deprehendatur,
612 2521 729 2601 accipe.
743 2519 867 2581 Scilicet
881 2519 934 2579 diu
948 2526 983 2580 ut
996 2519 1030 2579 in
1043 2520 1176 2599 agendo,
1194 2521 1238 2583 ita
1250 2521 1283 2583 in

158 2620 323 2683 scribendo
334 2620 479 2694 Romani,
492 2639 556 2681 non
567 2619 641 2699 quid
654 2619 840 2691 formosum,
852 2617 904 2677 sed
917 2616 992 2696 quid
1005 2617 1080 2678 utile
1092 2623 1183 2695 esset,
1195 2639 1287 2698 quae·

157 2719 268 2793 sivere,
279 2737 316 2779 ea
327 2736 454 2798 prorsus
465 2716 658 2797 negligentes
669 2735 738 2795 quae
750 2715 799 2776 vel
811 2722 911 2775 artem
923 2720 1044 2774 tantum
1057 2715 1283 2797 ingeniumque

157 2816 304 2894 fingentis
319 2816 529 2890 ostenderent,
542 2814 591 2875 vel
604 2814 692 2873 nulla
706 2814 768 2874 alia
784 2812 1057 2892 voluptutequam
1070 2813 1195 2892 cognita
1210 2814 1283 2894 pul-

157 2913 335 2975 chritudine
350 2914 488 2991 legentes
506 2912 668 2974 afficerent
684 2930 690 2973 :
707 2900 767 2972 nisi
790 2909 874 2991 quod
893 2910 987 2991 pauci
1006 2910 1182 2991 excipiendi
1196 2919 1282 2988 sunt,
1325 2974 1329 2981 ,

156 3012 385 3072 Alexandrinos
399 3016 510 3091 poetas
525 3010 632 3084 secuti,
650 3009 704 3089 qui
719 3009 778 3070 sibi
793 3009 947 3069 duntaxat
960 3014 1060 3070 artem
1076 3010 1283 3071 exercendam

156 3111 459 3190 exprimendamque
475 3108 741 3189 pulchritudinem
762 3126 868 3167 rerum
889 3124 1092 3186 proposuere.
1116 3106 1178 3168 Sed
1197 3115 1285 3186 post·

156 3228 251 3291 quam
268 3208 403 3287 Augusti
415 3227 488 3287 pax,
503 3212 538 3267 ut
555 3213 669 3279 cetera,
683 3204 896 3284 eloquentiam
918 3210 948 3263 et
964 3202 1085 3262 litteras
1099 3221 1282 3282 composue-

155 3315 216 3387 rat,
233 3308 361 3385 viguere
377 3306 410 3365 in
425 3304 540 3366 scholis
553 3302 690 3383 plurima
706 3301 845 3381 ingenia,
862 3318 944 3379 quae,
960 3299 1048 3359 omni
1063 3304 1186 3359 remota
1200 3301 1283 3361 utili·

155 3412 231 3482 tate,
256 3424 313 3466 nec
335 3402 543 3484 persuadendi
566 3420 624 3463 nec
643 3399 777 3463 docendi
797 3397 945 3473 studiosi,
964 3396 1103 3457 veritatis
1126 3401 1157 3456 et
1176 3416 1281 3459 rerum

156 3503 328 3565 admodum
339 3502 451 3575 securi,
462 3519 534 3561 eam
545 3498 784 3560 delectationem
796 3502 827 3557 et
837 3496 898 3574 ipsi
910 3496 1116 3574 decerpereet
1129 3502 1280 3574 praestare

156 3601 225 3662 aliis
237 3600 344 3662 conati
357 3605 440 3678 sunt,
453 3618 523 3679 quae
536 3598 663 3678 proprie
676 3615 692 3657 e
705 3594 828 3658 dicendi
842 3612 917 3655 cura
933 3593 1108 3667 exsisteret,
1121 3612 1280 3673 quamque

156 3704 256 3760 acutae
276 3698 359 3759 circa
378 3716 442 3759 rem
464 3695 639 3778 quamlibet
653 3693 816 3755 sententiae
836 3691 1017 3771 delectaque
1037 3689 1171 3751 feliciter
1184 3691 1286 3752 verba

155 3796 267 3857 animis
277 3796 483 3857 insinuarent.
497 3794 668 3855 Rhetorum
679 3810 754 3853 sane
767 3790 827 3850 luit
841 3808 879 3849 ea
891 3789 956 3849 sive
970 3788 1052 3863 laus,
1063 3788 1127 3848 sive
1143 3787 1205 3848 alio
1216 3806 1283 3868 quo-

154 3913 218 3955 non
237 3900 302 3955 tam
317 3893 454 3972 benigno
473 3894 569 3953 verbo
590 3890 635 3952 uti
652 3890 740 3962 velis,
757 3888 789 3947 in
805 3892 871 3947 arte
892 3892 992 3946 artem
1007 3884 1108 3945 solam
1126 3903 1278 3964 quaerere.

154 3992 242 4055 Unde
261 3991 324 4053 illae
340 4009 521 4052 severorum
536 3988 733 4069 ingeniorum
749 3984 902 4047 exsistunt
917 3981 1114 4043 creberrima
1130 3983 1281 4062 querelae,

186 4232 207 4280 1.
222 4229 284 4281 Seu.
299 4231 379 4289 rhet„
392 4228 479 4287 Suos„
495 4228 515 4289 l,
531 4228 586 4286 151,
599 4240 625 4289 p.
642 4226 681 4275 to.

184 4302 208 4350 2.
219 4300 302 4364 Man,
317 4302 435 4359 Astron„
450 4300 492 4361 lv,
507 4298 618 4348 aas-817.
