3184 5125
645 447 807 509 ..57-

189 585 356 642 Praeterea
368 578 446 640 adeo
462 597 526 640 non
542 598 738 661 eorumquae
754 587 879 655 tractat,
895 581 1014 662 peritus
1035 589 1092 658 est,
1109 591 1144 645 ut
1158 603 1241 647 nova
1255 593 1286 647 et

148 679 299 740 inaudita
314 677 462 757 quaedam
477 678 629 756 proferat,
646 698 716 758 quae
730 679 848 740 nemini
862 685 1019 740 astrorum
1030 700 1285 762 gnarounquam

145 777 351 840 exciderunt.
369 778 459 849 Nam,
478 775 626 854 quoniam
643 775 749 856 plures
769 784 914 839 auctores
934 778 1135 857 sequebatur,
1152 799 1190 840 ne
1210 781 1285 861 quid

148 877 301 936 incautus
321 873 492 947 omitteret,
515 874 653 952 quadam
670 876 803 937 sortasse
823 875 1049 937 vocabulorum
1063 877 1214 938 varietate
1230 877 1286 940 de-

149 979 276 1054 ceptus,
291 971 382 1050 signa
394 971 548 1032 nonnulla
562 971 743 1051 duplicavit,
757 979 788 1034 at
799 980 967 1054 postquam
982 974 1097 1035 Haedos
1107 977 1285 1054 Lyramqne

149 1070 343 1143 nominavit,
360 1069 464 1130 nescio
485 1088 547 1149 quo
567 1070 681 1131 iterum
702 1071 800 1132 Haedo
815 1072 825 1106 ¹
841 1077 872 1132 et
891 1072 995 1133 nescio
1020 1091 1084 1152 qua
1103 1071 1246 1133 Fidicula
1259 1072 1283 1146 ²,

150 1171 190 1233 de
206 1169 324 1250 quibus
338 1167 426 1228 nulla
439 1167 489 1227 vel
504 1167 588 1246 apud
604 1175 803 1230 astronomos
815 1170 865 1230 vel
877 1173 960 1250 apud
975 1171 1151 1248 astrologos
1166 1173 1284 1234 mentio

151 1287 292 1349 usquam
305 1272 363 1340 est,
378 1265 490 1328 caelum
506 1267 603 1328 auxit.

192 1366 278 1440 Quin
294 1366 402 1444 inepta
415 1364 560 1444 quaedam
577 1367 750 1446 cademque
763 1367 920 1447 prioribus
935 1368 985 1429 vel
997 1367 1198 1446 sequentibus
1213 1386 1285 1429 con·

150 1465 254 1526 traria
266 1463 451 1543 imprudens
466 1463 612 1542 explicat.
629 1465 666 1524 ln
683 1465 744 1526 fine
765 1465 847 1527 enim
868 1467 982 1545 operis,
1002 1465 1094 1544 quale
1111 1467 1202 1528 nobis
1219 1472 1286 1526 tra-

151 1563 257 1624 ditum
274 1567 332 1636 est,
349 1559 511 1621 stellarum
529 1561 656 1638 ordines
670 1582 728 1642 pro
745 1563 868 1642 fulgore
884 1570 915 1624 ct
929 1564 1148 1641 magnitudine
1168 1563 1285 1625 consti-

151 1652 241 1722 tuit³
260 1679 267 1722 :
286 1665 381 1738 atque
396 1677 461 1719 non
473 1659 557 1719 idem
575 1678 594 1719 a
610 1666 693 1720 terra
707 1680 817 1721 omnes
831 1661 947 1722 distare
962 1661 1138 1739 profitetur,
1155 1661 1285 1723 multas·

152 1777 215 1840 que
230 1757 332 1836 magis
345 1776 361 1817 e
374 1755 547 1835 longinquo
563 1756 762 1835 pallidiorem
776 1759 877 1819 lucem
891 1758 983 1820 nobis
995 1759 1165 1820 immittere
1180 1781 1186 1818 :
1200 1761 1286 1841 quod

153 1857 241 1937 apud
257 1853 422 1916 Geminum
434 1853 574 1914 invenire
585 1861 742 1934 potuerat.
758 1859 796 1917 Et
811 1875 867 1935 per
881 1843 982 1917 totum
997 1876 1135 1930 carmen,
1146 1858 1179 1916 in
1191 1857 1286 1919 variis

151 1955 244 2029 locis,
262 1951 449 2032 significavit
468 1952 615 2032 quaedam
638 1961 722 2013 astra
740 1953 845 2027 altius,
862 1954 1009 2032 quaedam
1028 1955 1157 2014 inferius
1172 1953 1284 2014 caelum

153 2051 309 2122 accolere,
332 2069 367 2110 ac
389 2050 547 2129 praecipue
568 2050 711 2129 planetas
734 2050 872 2111 mediam
892 2051 974 2111 inter
996 2051 1087 2128 signa
1106 2056 1285 2128 terramque

154 2149 300 2210 obtinere
315 2148 432 2209 sedem.
447 2146 532 2206 Idem
550 2153 657 2207 tamen
673 2147 816 2206 Manilius
832 2146 910 2207 alias
924 2147 969 2206 ita
981 2148 1078 2207 verba
1092 2147 1178 2220 lacit,
1196 2148 1285 2224 quasi

154 2247 212 2307 uni
236 2245 332 2306 allixa
355 2245 488 2324 sphaerae
511 2252 596 2305 astra
617 2243 687 2324 pari
711 2251 825 2305 cuncta
845 2243 1012 2304 intervallo
1033 2251 1133 2304 terras
1154 2243 1286 2304 circum-

154 2344 307 2406 labantur
328 2360 336 2403 :
356 2362 413 2403 nec
433 2349 586 2421 quantum
604 2348 721 2402 terram
745 2342 826 2402 inter
850 2348 881 2401 et
902 2341 1000 2402 solem
1021 2347 1076 2401 aut
1098 2341 1206 2401 lunam
1230 2348 1286 2402 aut

153 2442 367 2521 quodcunque
383 2446 503 2500 astrum
525 2439 658 2514 intersit,
677 2445 711 2499 ut
730 2437 929 2519 Hipparchus
948 2438 1063 2518 aliique
1082 2438 1286 2500 Alexandrini

154 2539 342 2617 astronomi,
370 2537 474 2599 metiri
502 2537 699 2617 aggreditur,
732 2536 785 2598 sed
816 2542 968 2617 quantum
998 2542 1116 2597 terram
1142 2537 1224 2598 inter
1249 2555 1285 2598 ac

154 2637 314 2699 caelestem
336 2636 456 2709 orbem,
474 2643 692 2716 quantumque
714 2654 770 2714 per
789 2636 924 2713 spatium
943 2634 996 2695 ille
1017 2635 1101 2695 orbis
1120 2635 1255 2694 circuml
1271 2668 1285 2681 -

154 2742 255 2797 ratur.
274 2735 363 2807 Quod
379 2734 519 2812 opinioni
535 2734 740 2809 contrarium,
758 2732 929 2812 quamodo
951 2738 1036 2791 astra
1054 2730 1253 2811 inaequaliter
1268 2750 1287 2791 a

155 2832 248 2895 nobis
273 2832 416 2893 recedere
442 2832 634 2906 declarabat,
652 2850 688 2891 ac
713 2850 769 2910 per
790 2850 823 2891 se
844 2830 998 2908 ineptum,
1019 2828 1171 2908 ineptiore
1191 2830 1286 2890 modo

155 2929 277 3010 pandit.
295 2932 386 3007 Nam,
401 2949 471 2990 cum
487 2928 654 2990 duodecim
669 2928 759 3008 signa
773 2928 842 2990 caeli
855 2930 963 2989 orbem
980 2926 1138 3008 expleant,
1151 2934 1288 3007 quatuor

155 3029 221 3089 lere
247 3028 409 3105 signorum
430 3026 531 3107 spatio
557 3033 680 3088 constat
704 3027 772 3087 axis
801 3044 808 3087 :
835 3027 940 3087 media
965 3025 1060 3105 igitur
1088 3024 1180 3086 tellus
1207 3025 1288 3085 inter

157 3126 259 3205 poloS,
274 3144 330 3185 nec
346 3143 469 3185 summo
483 3125 612 3203 propior
626 3144 721 3203 quam
737 3124 801 3184 imo
825 3123 917 3183 ullive
933 3123 1017 3183 orbis
1032 3123 1126 3202 parti,
1147 3122 1209 3182 dno
1222 3122 1287 3181 fere

156 3224 319 3300 signorum
337 3222 438 3301 spatio
463 3222 502 3281 ab
518 3220 593 3283 orbe
612 3222 708 3281 distat
726 3220 747 3280 ⁴.
765 3221 850 3280 Licet
866 3219 975 3280 orbem
990 3218 1138 3279 trecentis
1153 3222 1184 3277 et
1196 3236 1285 3277 sexa-

153 3320 246 3397 ginta
268 3320 410 3399 partibus
429 3319 579 3396 dividere,
600 3308 824 3397 signorumque
844 3315 1014 3394 unicuique
1031 3314 1161 3392 triginta
1182 3318 1288 3392 partes

158 3418 329 3477 attribuere
347 3436 353 3477 :
371 3418 535 3495 sexaginta
550 3415 646 3493 igitur
661 3420 767 3494 partes
782 3413 894 3473 calum
909 3412 993 3472 inter
1005 3430 1041 3472 ac
1063 3416 1180 3471 terram
1193 3410 1287 3471 inter-

156 3514 234 3593 poni
244 3515 314 3593 jam
334 3532 570 3593 cognoscemus.
593 3512 672 3585 Quid
694 3512 823 3591 posteat
840 3529 911 3590 quae
931 3510 990 3570 ista
1010 3516 1057 3569 est
1076 3508 1182 3570 notio?
1196 3507 1289 3569 Nulla
1378 3582 1380 3586 .

153 3630 231 3672 sane
245 3617 303 3686 est,
316 3630 416 3690 neque
430 3611 516 3672 aliud
527 3629 622 3689 quam
634 3610 731 3669 verba
744 3608 852 3669 inania
865 3608 1091 3668 conseruimus
1104 3609 1181 3667 Nam
1196 3612 1289 3685 poeta

158 3708 237 3768 nibil
262 3708 347 3770 aliud
367 3728 463 3787 quam
487 3726 579 3769 axem
602 3707 701 3768 tertiae
725 3705 810 3767 orbis
831 3706 914 3785 parti
937 3706 1091 3785 aequalem
1113 3723 1179 3765 esse
1199 3703 1288 3776 dixit,

156 3806 241 3884 quod
255 3806 384 3886 quidem
400 3824 510 3867 omnes
525 3804 613 3884 pueri
630 3810 785 3865 noverunt
799 3820 806 3863 :
820 3802 874 3863 sed
890 3809 1043 3883 quantum
1057 3802 1114 3863 iste
1125 3800 1193 3886 omli
1204 3800 1289 3861 orbis

152 3903 273 3964 circum
282 3908 401 3983 pateat,
412 3909 568 3984 quantum
580 3901 668 3963 istius
679 3900 747 3962 axis
759 3900 958 3979 extendatur,
971 3897 1289 3981 quodignorabamus

187 4118 211 4165 l.
227 4116 342 4173 Astron„
354 4116 385 4175 V,
401 4118 455 4167 311.

188 4188 212 4235 2.
228 4185 304 4244 leid,
318 4187 348 4247 V,
365 4188 418 4235 409.

188 4259 211 4306 3.
227 4256 305 4314 leid,
322 4256 352 4319 V,
368 4258 413 4307 nt
429 4272 488 4321 sqq.

185 4326 211 4375 l.
226 4326 306 4386 nid,
324 4328 343 4390 l,
360 4328 474 4378 tae-560.
