3184 5125
371 539 407 599 Et
421 536 470 597 his
487 556 494 596 :

471 689 535 743 tam
549 700 692 757 nusquam
705 684 810 739 natura
823 682 895 737 latet
911 699 918 737 :
934 681 1110 753 pervidimus
1124 697 1242 737 omnem

472 768 507 821 Et
520 768 604 836 cepto
618 764 747 836 potimur
761 762 881 827 mundo,
897 765 1087 832 nostrumque
1101 764 1252 833 parentem

472 847 541 901 Pars
557 860 607 899 sna
622 842 824 915 conspicimus,
841 840 990 914 genitique
1005 840 1168 896 accedimus
1181 842 1263 896 astris
1276 843 1297 895 ¹.

331 1007 408 1083 Age,
426 1002 495 1083 quis
515 1002 612 1063 nescit
627 1021 698 1081 qnae
718 999 891 1081 saepissime
904 1006 935 1060 et
949 998 1109 1061 altissimis
1122 1019 1197 1060 sane
1209 999 1315 1061 verbis
1332 1001 1464 1083 delato

332 1102 430 1165 locuti
453 1101 516 1161 sint
539 1099 647 1160 stoici?
669 1099 738 1179 quis
759 1097 879 1159 vividas
901 1099 1026 1159 Senecae
1044 1096 1288 1177 splendidasque
1310 1098 1463 1160 adhorta-

333 1199 435 1261 tiones
447 1217 511 1259 non
527 1197 659 1258 miratus
671 1203 729 1274 est,
741 1195 864 1275 quoties
877 1194 1038 1257 hominem
1050 1195 1192 1275 increpat
1205 1200 1331 1257 aeternae
1345 1196 1464 1258 rationi

334 1295 522 1370 obstantem,
535 1295 746 1373 admonetque
762 1300 796 1352 ut
809 1292 891 1353 idem
905 1310 975 1353 cnm
987 1294 1051 1353 Deo
1066 1291 1152 1365 velit,
1164 1312 1203 1353 ne
1217 1292 1284 1372 pati
1294 1312 1365 1374 quae
1380 1292 1461 1355 nolit

332 1400 477 1472 cogatur,
492 1398 587 1471 utque
604 1393 704 1451 latum
719 1390 924 1469 intelligendo
937 1390 970 1449 in
983 1388 1159 1452 libertatem
1174 1396 1288 1452 vertat.

475 1552 587 1619 lincunt
599 1548 745 1603 volentem
759 1548 829 1616 fata,
841 1547 989 1603 nolentem
1003 1549 1132 1604 trahunt.

332 1711 410 1773 Hinc
424 1711 541 1772 llorere
556 1709 718 1772 Maniliani
734 1709 769 1799 in.
779 1715 894 1791 quarto
906 1709 987 1770 libro
1003 1728 1110 1771 versus
1126 1730 1133 1769 :

476 1871 546 1924 Fata
559 1870 663 1941 regunt
678 1867 789 1935 orbern,
805 1870 883 1923 certa
897 1870 976 1924 stant
989 1868 1088 1924 omnia
1102 1870 1176 1943 lege,

476 1950 632 2019 Longaque
645 1963 698 2020 per
713 1951 806 2003 certos
820 1946 972 2021 signantur
983 1953 1116 2019 tempora
1131 1964 1241 2004 cursus.

476 2029 630 2083 Nascenles
642 2026 795 2094 morimur,
809 2027 934 2099 finisque
948 2028 984 2082 ab
1004 2027 1116 2099 origine
1128 2027 1246 2099 pendet.

476 2108 548 2162 ilino
563 2109 592 2162 et
606 2123 674 2178 opes
690 2110 719 2163 et
731 2122 823 2178 regna
837 2106 939 2176 llunnt,
953 2109 983 2163 et
996 2108 1099 2180 saepins
1114 2111 1177 2163 orta

476 2188 632 2258 Paupertas
647 2188 782 2258 artesque
795 2186 872 2241 datm
875 2226 953 2242 .......

476 2268 566 2321 Nemo
582 2269 660 2321 caret
674 2266 791 2334 damno,
807 2266 914 2336 poterit
928 2282 981 2321 nec
995 2266 1103 2321 habere
1118 2270 1263 2339 negatum,

475 2347 667 2401 l'ortunsmve
682 2345 741 2401 suis
756 2345 874 2400 inritam
889 2346 1031 2416 prendere
1044 2346 1125 2413 votis,

475 2426 533 2479 Aut
548 2424 648 2497 sugere
661 2424 819 2480 instantem
837 2446 843 2479 ε
859 2441 921 2481 sors
935 2429 979 2481 est
991 2442 1045 2481 sua
1057 2425 1158 2496 enique
1173 2426 1293 2482 ferenda
1301 2425 1323 2482 ².

372 2583 491 2646 Deinde
513 2584 654 2645 animum
676 2585 771 2646 etiarn
792 2604 866 2645 vere
887 2586 1020 2648 stoicum
1042 2585 1181 2666 reperias
1207 2586 1239 2646 in
1266 2586 1460 2648 admirandis
1571 2612 1572 2619 ¹

332 2682 393 2744 illis
403 2682 555 2759 versibus,
567 2700 647 2760 quos
659 2687 771 2742 contra
781 2683 960 2743 Lucretium
972 2682 1117 2743 Manilius
1128 2683 1242 2762 fundit,
1255 2689 1290 2744 ut
1301 2703 1366 2744 non
1376 2703 1459 2746 caeca

332 2769 425 2853 forte,
442 2781 497 2841 sed
511 2779 631 2840 ratione
647 2779 753 2840 divina
769 2784 910 2840 creatum
926 2779 1036 2840 orbem
1052 2780 1232 2842 universum
1247 2781 1414 2843 ostendat?

473 2939 530 2992 Nec
545 2936 701 3008 quiequam
716 2936 746 2990 in
759 2940 841 2992 tanta
853 2938 946 3009 magis
961 2942 1004 2992 ast
1018 2937 1151 2994 mirabile
1165 2942 1255 3006 mole,

476 3018 568 3082 Quam
582 3016 657 3072 ratio
673 3019 701 3070 et
717 3016 801 3072 certis
813 3018 891 3087 quod
906 3017 1017 3088 legibus
1030 3019 1127 3074 omnia
1142 3023 1254 3090 parent.

476 3097 624 3167 Nusquam
638 3095 724 3150 turba
736 3099 831 3165 nocet,
848 3096 917 3151 nihil
932 3096 996 3152 ullis
1011 3097 1138 3168 partibus
1153 3104 1238 3168 errat,

475 3175 579 3231 Laxius
594 3178 643 3230 ani
658 3174 747 3230 levius
759 3179 915 3234 motatore,
923 3177 1023 3232 ordine
1039 3177 1137 3233 fertur.

476 3253 550 3320 Quid
563 3258 622 3308 tam
638 3253 790 3309 confusum
805 3255 909 3326 specie,
924 3255 995 3327 quid
1008 3260 1070 3311 lam
1085 3255 1144 3311 vice
1159 3259 1270 3312 certum
1285 3256 1353 3312 est?

474 3337 515 3390 Ac
526 3333 597 3388 mihi
611 3337 673 3389 tam
685 3350 814 3405 praesens
828 3334 902 3390 ratio
918 3353 977 3391 non
992 3334 1051 3392 ulla
1064 3335 1185 3405 videtur,

476 3413 539 3478 Qua
553 3417 650 3485 pateat
664 3415 805 3470 mundum
820 3414 914 3470 divino
930 3415 1050 3470 numine
1065 3415 1146 3481 verli,

474 3494 566 3563 Atque
580 3493 676 3565 ipsum
691 3510 753 3549 esse
769 3494 867 3563 deum,
883 3511 937 3550 nec
951 3495 1025 3550 forte
1040 3494 1130 3550 coisse
1145 3494 1297 3567 magistra,

475 3572 511 3626 Ut
521 3571 609 3626 voluit
623 3571 712 3640 credi,
730 3573 779 3644 qui
791 3573 901 3643 primus
916 3573 1024 3628 moenia
1038 3573 1139 3628 mnndi

475 3649 637 3706 Seminibus
652 3651 756 3707 struxit
769 3652 900 3707 minimis
915 3652 1002 3724 inque
1017 3652 1068 3708 illa
1081 3653 1196 3710 resolvit
1209 3655 1230 3709 ³.

331 3812 400 3871 Non
417 3808 499 3870 enim
515 3808 557 3869 ibi
576 3809 654 3870 illud
676 3811 771 3872 modo
790 3817 1012 3891 argumentum
1033 3813 1163 3891 profert,
1180 3818 1229 3874 tot
1245 3832 1303 3892 per
1323 3813 1458 3874 seculae

330 3906 537 3988 Pythagoreis
561 3925 697 3986 moxque
726 3925 745 3968 a
768 3907 946 3968 christianis
969 3909 1167 3991 philosophis
1193 3910 1456 3991 repetitumque

362 4090 385 4137 1.
401 4087 477 4147 leid„
494 4089 611 4150 1v‚883;
627 4091 729 4152 Ferraz,
745 4107 770 4154 p.
788 4094 842 4142 119.

362 4159 385 4205 2.
401 4157 478 4215 leid„
494 4159 536 4220 lV,
553 4162 594 4221 11;
610 4161 712 4219 Ferraz,
728 4175 754 4224 p.
771 4163 810 4211 53.

362 4227 385 4276 3.
398 4227 479 4291 Man„
495 4229 609 4287 Astron,
627 4230 646 4290 l,
663 4232 717 4280 178.
