3184 5125
789 453 950 515 „60-

344 589 438 666 lllud,
460 606 642 669 quanquam
658 605 721 646 non
742 587 819 646 salis
837 585 914 646 mibi
936 590 1070 665 apparet
1083 584 1354 663 quemadmodum
1374 606 1434 666 per

304 687 416 749 falsam
441 693 598 747 astrorum
619 685 864 763 descriptionem
888 683 1059 744 adversm
1082 689 1241 742 astrorum
1263 686 1433 762 potestatis

304 784 594 865 interpretationem
619 783 726 843 accedi
755 781 866 861 possit,
887 800 952 842 non
978 785 1085 841 tamen
1109 798 1268 858 respuam,
1289 787 1321 841 et
1345 783 1434 860 quod

303 901 386 964 saepe
409 881 486 942 alias
506 881 607 941 visum
628 887 685 954 est,
703 878 871 958 astrologis
885 878 1002 939 scilicet
1022 877 1125 938 acrius
1138 876 1320 956 explicandi
1334 898 1433 958 quem

304 979 452 1041 noscendi
466 979 534 1039 caeli
550 979 688 1038 studium
708 977 815 1050 fuisse,
830 983 862 1037 et
875 976 1033 1036 interdum
1050 975 1090 1036 ab
1105 975 1142 1035 iis
1156 976 1279 1052 generis
1299 976 1433 1036 humani

304 1077 399 1138 vitam
417 1095 453 1137 ac
465 1076 622 1136 fortunam
636 1092 675 1136 ex
688 1074 736 1134 his
751 1092 934 1153 suspensam
949 1092 1020 1153 quae
1035 1073 1067 1132 in
1077 1073 1169 1133 astris
1183 1079 1314 1134 autnon
1327 1082 1434 1136 essent

305 1182 360 1236 aut
374 1175 466 1236 aliter
480 1179 594 1246 essent,
609 1173 640 1233 id
655 1172 687 1232 in
703 1171 830 1232 Manilio
845 1190 971 1251 quoque
986 1170 1195 1231 animadverti
1204 1171 1389 1232 concedam.

344 1275 387 1334 De
401 1271 572 1348 astrologia
584 1270 679 1350 igitur
693 1269 932 1350 disputandum.
948 1267 1109 1348 quomodo
1124 1287 1162 1328 ea
1176 1288 1196 1328 a
1211 1275 1320 1329 nostro
1336 1288 1432 1350 expe-

304 1370 419 1431 diatur.
439 1368 545 1430 Multis
565 1373 668 1429 autem
691 1369 744 1447 qui
766 1367 805 1428 de
822 1366 1055 1427 Astronomicon
1074 1364 1212 1426 carmine
1231 1366 1327 1428 verba
1349 1367 1432 1428 lece-

304 1475 389 1540 runt,
403 1467 487 1527 visus
502 1474 548 1527 est
561 1473 656 1544 poeta
671 1466 815 1526 Lucretio
830 1464 1064 1544 comparandus
1078 1464 1088 1498 ¹
1104 1485 1111 1522 :
1128 1483 1201 1524 nam
1216 1483 1278 1543 quo
1292 1465 1434 1544 flagrans

304 1565 416 1625 ardore
432 1564 593 1624 Lucretius
608 1564 758 1624 Romanis
772 1562 963 1641 persuadere
978 1568 1121 1640 conatur,
1135 1563 1167 1622 in
1184 1562 1339 1642 Epicurea
1356 1564 1433 1624 doc-

302 1661 386 1721 trina
398 1667 429 1721 et
441 1660 607 1721 veritatem
620 1667 703 1720 stare
721 1679 848 1720 omnem
863 1667 895 1720 et
909 1659 1104 1733 felicitatem,
1117 1666 1215 1739 utque
1227 1659 1323 1720 iaciat
1335 1659 1431 1721 tidem

302 1757 490 1836 legentibus,
519 1777 614 1837 quam
641 1759 707 1836 ipse
735 1757 861 1818 llrmam
888 1765 919 1818 et
942 1757 1162 1818 inconcussam
1188 1757 1295 1832 habet,
1320 1777 1432 1818 omnes

302 1855 421 1934 ingenii
440 1855 532 1929 vires,
552 1862 583 1916 et
601 1855 698 1916 animi
718 1855 859 1933 allectus,
880 1861 910 1915 et
930 1855 1015 1934 quod
1035 1873 1175 1934 uuquam
1198 1855 1231 1914 in
1249 1855 1432 1934 eloquentia

300 1960 333 2014 et
353 1953 441 2032 poesi
457 1953 581 2013 virtutis
604 1953 673 2022 luit,
693 1952 831 2014 studiose
850 1952 1017 2033 impendit,
1033 1953 1155 2025 eodem,
1177 1959 1213 2012 ut
1231 1951 1293 2012 illis
1315 1952 1431 2032 placet,

299 2050 405 2112 studio
422 2069 571 2112 accensus
590 2049 733 2111 Manilius
757 2055 915 2112 astrorum
935 2051 1016 2112 vires
1040 2049 1227 2111 mortalibus
1242 2050 1368 2130 pandit.
1388 2053 1433 2111 Ac

303 2148 398 2210 verba
424 2169 440 2209 e
466 2148 650 2209 Christianae
674 2147 836 2225 religionis
858 2148 1027 2209 annalibus
1053 2147 1289 2225 transferentes,
1314 2149 1432 2208 Lucre·

302 2247 381 2308 tium
397 2247 485 2307 aiunt
501 2265 661 2326 unumque
676 2265 747 2306 eum
764 2245 818 2306 illo
832 2246 993 2307 Manilium
1010 2246 1133 2307 fervore
1148 2246 1286 2325 quodam
1304 2252 1431 2325 aposto·

303 2343 363 2404 lico
379 2362 449 2422 quae
465 2344 622 2423 complexi
637 2349 727 2404 erant
742 2344 894 2422 dogmata
908 2344 1049 2423 profiteri
1063 2350 1094 2403 et
1109 2344 1294 2422 praedicare.

343 2442 392 2513 At,
410 2441 443 2500 ni
462 2440 566 2514 lallor,
584 2447 649 2501 tam
666 2442 810 2502 Lucretio
831 2442 1063 2521 comparandus
1078 2441 1232 2518 Manilius,
1248 2460 1346 2521 quam
1362 2442 1430 2502 AE's-

302 2537 395 2618 chylo
413 2539 540 2599 Seneca.
553 2541 631 2599 Nam
645 2539 750 2600 nullus
766 2558 830 2600 non
852 2539 1000 2601 carminis
1015 2537 1051 2600 dc
1065 2539 1188 2603 Natura
1204 2558 1306 2600 rerum
1322 2558 1430 2600 versus

301 2637 446 2697 intimam
467 2642 716 2717 aestuantemque
740 2638 906 2698 scribentis
928 2638 1164 2718 persuasionem
1180 2637 1345 2698 declarat:
1368 2656 1430 2718 qua

302 2734 413 2814 plenus
428 2740 459 2796 et
480 2734 644 2795 exundans
664 2734 743 2795 alios
759 2754 885 2815 quoque
905 2736 1087 2814 contingere
1103 2741 1133 2795 et
1147 2735 1335 2815 perfundere
1350 2734 1428 2796 vult.

302 2832 441 2911 Cumque
456 2832 523 2911 ipse
537 2832 664 2911 Epicuri
679 2834 813 2912 repertis
828 2833 936 2909 fretus,

443 3044 533 3098 Metus
549 3058 649 3099 omnes
666 3043 877 3115 strepitumque
891 3045 1065 3100 Acheruntis
1079 3046 1158 3101 avari

302 3243 434 3324 pedibus
458 3243 636 3323 subjecerit,
656 3246 846 3325 cognitaque
862 3247 986 3327 penitus
1004 3254 1117 3308 natura
1131 3265 1299 3324 rerumque
1316 3247 1426 3319 causis,

300 3344 421 3404 cunctis
448 3342 594 3404 humanae
622 3343 714 3404 sortis
745 3344 836 3405 malis
866 3364 898 3405 se
927 3346 1089 3423 exsulerit,
1116 3363 1232 3422 magno
1262 3344 1427 3405 homiuum

301 3459 410 3501 amore
428 3439 482 3501 ille
502 3440 599 3501 horno
619 3441 774 3520 impulsus
792 3442 1036 3523 laborantesque
1055 3444 1232 3514 miseratus,
1254 3442 1429 3523 tranquiMi·

302 3538 376 3597 tatis
392 3555 456 3597 suae
479 3555 515 3597 ac
536 3538 643 3615 gaudii
665 3538 821 3619 principia
839 3548 871 3600 et
887 3542 989 3601 lontes
1008 3542 1119 3620 aperit,
1137 3547 1285 3619 totusque
1305 3540 1337 3599 in
1356 3540 1425 3610 hoc,

301 3633 349 3694 sui
364 3632 491 3709 oblitus,
508 3634 628 3695 nullam
651 3635 786 3715 gloriam
806 3655 843 3697 ac
864 3638 990 3699 laudem
1013 3645 1130 3718 captat,
1147 3638 1208 3698 nisi
1228 3638 1346 3717 ignaris
1363 3656 1428 3718 per

297 3730 453 3791 suadendi
471 3737 565 3810 atque
586 3733 761 3794 auxiliandi
780 3735 914 3795 miseris.
934 3735 1023 3797 Unde
1045 3736 1167 3797 nullum
1190 3755 1255 3798 nou
1276 3735 1427 3815 eloquen-

300 3828 351 3889 tiae
374 3828 492 3905 lumen,
509 3829 630 3890 nullum
653 3850 716 3891 non
742 3833 902 3912 poeticum
922 3833 1017 3895 decus
1037 3834 1169 3913 accepit,
1190 3852 1255 3894 non
1279 3833 1353 3912 quia
1374 3848 1428 3910 per

296 3946 332 3987 se
356 3925 554 4006 splendebat,
580 3928 634 3989 sed
660 3930 955 4010 quia'propositam
981 3932 1216 4010 persuasionem
1241 3929 1425 3991 efficiebat:

299 4041 401 4103 neque
422 4022 544 4087 lumina
565 4033 764 4088 consectatus
784 4033 842 4105 est,
858 4027 914 4089 sed
937 4035 1134 4108 argumenta,
1151 4047 1222 4108 quae
1242 4046 1307 4089 non
1327 4024 1425 4089 delec-

330 4253 352 4299 l.
366 4250 619 4317 boucha-Leclercq,
638 4253 705 4303 Hiat.
725 4254 758 4303 de
779 4255 806 4305 ta
827 4256 989 4320 Divination,
1005 4257 1027 4321 l,
1043 4260 1098 4309 283.
1113 4288 1141 4297 -
1163 4258 1290 4319 B0issier‚
1309 4255 1424 4321 Reliqioa

298 4319 424 4378 romaine,
441 4321 473 4384 ll,
489 4324 543 4371 tos.
558 4349 588 4359 -
602 4324 712 4388 Teullel,
725 4324 776 4375 bit.
790 4340 864 4384 rom„
879 4329 933 4377 2l8.
