3184 5125
667 446 828 512 ..39-

322 630 384 695 Qua
397 628 478 703 niger
493 629 633 685 astriferis
647 631 826 687 connectitur
840 633 944 689 axibus
958 651 1019 704 aar,

322 709 461 781 Quodque
474 712 554 781 patet
568 715 660 765 terras
673 710 749 766 inter
763 712 895 784 lunaequc
910 717 1034 783 meatus,

322 788 447 847 Semidei
461 792 557 846 Manes
571 790 711 859 habitant,
723 809 796 863 quos
809 793 898 865 ignea
911 793 1000 849 virtus

322 869 464 925 Innocuos
480 869 543 925 vitae
558 870 698 941 patientes
714 871 828 927 retheris
843 871 894 927 imi

323 949 407 1020 Fecit,
424 953 453 1004 et
468 954 591 1005 aeternos
606 948 736 1005 animam
751 950 864 1023 collegit
876 950 905 1006 in
920 952 1014 1009 orbes.

173 1108 245 1169 Huc
259 1106 448 1187 Pompeium
463 1106 568 1168 evehit
585 1112 681 1187 poeta
696 1126 703 1169 :

392 1275 451 1330 Illic
465 1278 620 1349 postquam
633 1292 663 1331 se
679 1275 789 1331 lumine
801 1292 869 1332 vero

320 1355 464 1427 Implevit,
480 1356 634 1427 stellasque
647 1372 736 1429 vagas
751 1356 884 1424 miratus,
902 1361 930 1412 et
944 1359 1021 1412 astra

322 1436 388 1491 Fixa
402 1435 486 1507 polis,
502 1433 573 1490 vidit
587 1439 695 1507 quanta
709 1436 761 1491 suh
775 1439 861 1492 nocte
877 1437 986 1508 jaceret

318 1516 421 1572 Nostra
434 1515 495 1571 dies
509 1518 530 1571 ¹.

214 1694 286 1753 Non
311 1692 407 1769 igitur
432 1691 550 1752 infitias
573 1692 625 1753 ibo
653 1692 776 1769 maguis
800 1691 876 1753 viris
901 1699 1060 1755 astrorum
1090 1692 1263 1773 hospitium
1284 1713 1304 1755 a

174 1790 283 1852 stoicis
299 1808 493 1851 concessum.
510 1790 571 1851 Sed
587 1790 620 1849 hi
639 1796 746 1851 tamen
767 1797 839 1870 post
858 1792 1019 1852 Manilium
1034 1791 1186 1872 scripsere
1203 1808 1211 1852 :
1232 1792 1303 1871 quis

174 1906 286 1949 eorum
308 1888 494 1947 sententiam
512 1906 550 1947 cx
572 1886 655 1948 illius
672 1889 812 1949 carmine
832 1908 895 1950 non
916 1894 1019 1951 ortam
1042 1895 1127 1951 certo
1146 1889 1304 1951 affirmet?

173 1986 256 2046 Ante
274 1984 437 2047 Manilium
462 1993 568 2046 autem
590 1986 641 2045 cui
663 1986 782 2065 placuit
801 1987 911 2048 eadem
931 1988 1085 2066 suspicari
1100 2005 1136 2047 ac
1155 1988 1303 2066 speram?

173 2086 246 2143 Non
257 2101 331 2143 sane
344 2083 435 2144 alicui
450 2083 632 2159 stoicorum,
645 2084 699 2145 scd
711 2084 865 2159 Ciceroni,
877 2084 968 2162 cujus
978 2084 1135 2145 somnium
1148 2084 1302 2163 Scipionis

176 2180 259 2239 mihi
277 2179 400 2241 videtur
417 2180 561 2241 Manilius
580 2200 647 2241 esse
661 2173 814 2254 imitatus,
831 2180 949 2259 quique
970 2179 1206 2241 celeberrimam
1226 2179 1300 2242 Pla·

179 2276 355 2339 tonicorum
370 2297 551 2341 sermonum
564 2277 707 2339 fabulam
720 2278 764 2339 ita
778 2276 946 2339 aemulatus
958 2282 1014 2339 est.
1028 2278 1129 2356 Atque
1144 2284 1179 2338 ut
1192 2277 1301 2340 omnia

174 2393 242 2437 uno
254 2375 348 2437 verbo
364 2376 562 2451 concludam,
575 2382 610 2436 ut
623 2377 782 2456 poeticum
799 2376 900 2454 magis
918 2394 1015 2457 quam
1030 2375 1297 2456 philosophicum,

171 2472 218 2533 ita
245 2473 485 2536 ciceronianum
519 2476 621 2553 magis
649 2493 745 2552 quam
778 2474 913 2535 stoicum
947 2479 1049 2535 totum
1077 2474 1161 2536 hunc
1193 2473 1298 2537 locum

172 2572 410 2653 appellaverim.

212 2669 310 2730 Multa
330 2690 404 2749 ergo
424 2672 457 2732 in
474 2671 709 2731 Astronomc'coo
729 2670 869 2732 carmine
887 2676 1056 2732 occurrunt
1074 2689 1145 2749 quae
1165 2688 1182 2730 e
1200 2671 1298 2732 stoica

171 2767 338 2847 disciplina
359 2768 546 2848 profluxisse
564 2768 698 2830 dicenda
712 2775 799 2844 sunt,
815 2768 922 2829 stoicae
938 2766 1112 2828 dummodo
1125 2765 1298 2846 disciplinae

170 2865 332 2927 addictum
362 2867 456 2928 luisse
479 2872 606 2946 poetam
636 2885 732 2948 supra
760 2865 992 2927 dubitationem
1019 2863 1176 2944 posueris,
1195 2883 1298 2944 neque

170 2965 301 3025 omniuo
317 2983 382 3025 esse
401 2969 589 3043 argumento
602 2971 736 3045 possunt
751 2964 848 3026 talem
864 2983 936 3026 eum
955 2963 1060 3043 reipsa
1074 2962 1179 3024 luisse.
1196 2963 1297 3045 Atque

170 3060 203 3121 id
225 3061 257 3121 in
283 3061 393 3142 primis
417 3064 591 3124 cavendum
611 3069 669 3138 est,
690 3082 728 3124 ne
744 3069 775 3124 et
792 3063 947 3143 quosdam
970 3080 1078 3122 versus
1097 3061 1213 3123 stoicos
1230 3080 1297 3124 esse

170 3157 369 3237 colligamus,
385 3160 470 3239 quod
485 3178 504 3220 a
519 3166 626 3221 nostro
641 3167 736 3239 poeta
751 3159 859 3239 scripti
873 3159 1004 3233 suerint,
1015 3164 1046 3219 et
1060 3165 1188 3238 poetam
1203 3158 1298 3218 simul

168 3257 305 3318 stoicum
316 3257 412 3318 luisse
424 3256 606 3338 probemus,
619 3259 704 3337 quod
719 3256 846 3316 eosdem
861 3275 969 3316 versus
984 3254 1153 3335 scripserit.

710 3544 757 3614 111

207 3730 324 3811 Siquis
341 3738 448 3796 autem
468 3753 596 3795 carmen
616 3735 744 3815 penitus
765 3733 1008 3813 universumque
1034 3729 1290 3805 consideraverit,

166 3827 298 3890 minime
317 3831 450 3893 stoicum
471 3832 566 3893 luisse
584 3831 746 3893 Manilium
762 3828 923 3901 fatebitur,
941 3829 998 3891 etsi
1016 3830 1176 3891 interdum
1196 3826 1293 3888 stoice

167 3921 292 3988 locutus
314 3933 370 3989 est.
393 3931 471 3991 Nam
491 3928 523 3989 in
547 3929 596 3991 his
616 3929 692 4010 ipsis
716 3948 787 4009 quae
815 3927 952 3989 maxime
973 3927 1110 3988 Zenonis
1133 3922 1295 4005 discipulis

165 4022 295 4098 reddas,
321 4032 429 4087 nostro
454 4034 557 4107 poetae
585 4028 682 4089 verba
706 4025 856 4087 excidunt
880 4044 994 4102 parum
1020 4023 1134 4097 stoica,
1161 4040 1295 4103 quaeque

168 4117 321 4183 doctrinae
334 4123 392 4185 toti
403 4125 612 4205 universoque
625 4123 787 4185 sententiae
801 4121 904 4183 tenori
918 4122 980 4184 sint
991 4120 1160 4184 contraria.
1172 4123 1296 4201 Nempe

199 4304 223 4353 l.
239 4303 489 4372 Luc.,Ptors.‚1X,
504 4311 518 4358 5
533 4322 592 4373 sqq.
