3184 5125
132 613 206 675 quae
226 593 297 654 sola
317 591 358 652 ad
382 590 544 653 scientiam
569 597 723 673 spectant.
742 593 819 654 Inde
841 592 997 654 immensa
1020 593 1165 673 quaedam
1189 596 1262 656 sub-

132 693 220 754 ditur
230 689 441 764 enumeratio,
455 689 758 778 qua,philosophiae
774 692 915 765 nomine,
930 690 1096 753 rhetoricae
1110 693 1267 754 facundiae

132 792 190 852 dat
216 788 369 862 habenas,
394 787 470 849 dum
494 805 683 867 magnorum
705 789 846 850 uirorum
868 790 974 850 sedem
997 789 1132 851 lacteum
1154 791 1264 852 orbem

133 907 202 950 esse
227 886 415 966 suspicatur,
438 904 633 966 magnosque
657 885 741 948 viros
763 888 803 948 ab
827 885 947 947 Achille
964 887 1003 948 ad
1025 886 1191 962 Caesarem,
1209 908 1268 950 sua
1353 936 1355 940 Α

134 1003 295 1067 quemque
316 1002 353 1044 ac
374 983 539 1062 splendida
558 984 714 1044 sententia
733 990 889 1059 notatum,
911 985 1119 1065 persequitur.
1137 987 1182 1046 Ex
1201 1005 1264 1067 quo

135 1101 202 1144 non
221 1081 339 1160 injuria
354 1080 483 1159 colligat
497 1080 623 1160 aliquis,
639 1100 704 1142 non
724 1101 743 1143 a
759 1081 886 1143 Manilio
906 1082 939 1143 in
959 1083 1146 1161 explicanda
1167 1090 1266 1144 astro·

134 1180 246 1242 nomia
272 1180 376 1258 ipsam
403 1179 632 1239 astronomiam
656 1180 768 1259 quari,
792 1180 848 1241 sed
871 1198 929 1260 per
952 1180 1179 1242 astronomiam
1203 1181 1269 1243 alia

136 1278 286 1359 quaedam
302 1282 397 1356 atque
412 1276 458 1336 illi
472 1275 585 1338 aliena.

179 1379 242 1436 Nec
258 1376 326 1455 jam
353 1373 431 1434 illud
455 1374 488 1434 in
512 1374 741 1436 dubitationem
764 1375 980 1437 revocandum
1004 1376 1074 1449 crit,
1095 1380 1265 1456 postquam

136 1492 237 1536 unum
253 1475 383 1552 insuper
397 1472 502 1533 locum
518 1471 666 1548 attulero,
679 1472 712 1532 in
726 1491 788 1552 quo
804 1492 869 1533 non
883 1473 1066 1552 imprudens
1081 1475 1120 1534 ab
1135 1473 1268 1535 Eudoxo

135 1571 257 1637 tradita
280 1571 488 1631 immutavit:
513 1590 575 1651 qua
596 1570 817 1632 immutatione
836 1589 944 1631 sensus
963 1571 1065 1632 omnis
1087 1590 1124 1633 ac
1151 1572 1266 1632 veritas

136 1669 265 1731 sublata
280 1674 337 1729 est.
350 1667 498 1729 Eudoxus
511 1675 629 1743 autem,
644 1687 714 1728 cum
731 1669 858 1730 doceret
870 1667 932 1729 diei
947 1669 1108 1748 noctisque
1122 1676 1266 1750 tempora

135 1765 311 1847 inaequalia
330 1785 385 1846 per
407 1785 525 1827 annum
550 1785 627 1845 esse,
647 1771 691 1842 ut,
712 1766 980 1845 quemadmodum
1001 1773 1174 1828 crescerent
1194 1786 1266 1828 rur·

137 1884 254 1945 susque
267 1863 495 1938 minuerentur,
508 1863 653 1943 exemplo
669 1862 852 1937 illustraret,
864 1883 958 1944 quem
973 1864 1077 1925 locum
1091 1864 1265 1942 accolebat,

137 1964 276 2026 Gnidum
292 1962 396 2040 elegit,
413 1968 444 2023 et
464 1963 624 2042 quomodo
638 1962 681 2022 ibi
697 1981 754 2041 per
769 1963 845 2023 anni
858 1967 1002 2041 tempora
1016 1961 1082 2022 dies
1094 1968 1266 2042 noctesque

138 2081 170 2123 sc
182 2062 349 2137 haberent,
362 2059 497 2141 solisque
511 2059 551 2120 ad
563 2078 764 2138 progressum
776 2077 1015 2138 regressumque
1026 2058 1263 2137 responderent,
1332 2091 1335 2095 ›

138 2165 286 2222 accurate
302 2157 467 2218 demensus
485 2165 541 2218 est.
557 2158 597 2217 At
610 2164 703 2237 pocta
716 2162 822 2218 noster
836 2154 1054 2229 scholasticus,
1067 2174 1138 2215 cum
1151 2174 1265 2234 angus·

137 2264 205 2319 tam
221 2255 438 2335 humilemque
456 2255 580 2316 Eudoxi
595 2255 730 2334 patriam
749 2260 922 2334 sperneret,
939 2247 1090 2332 tanquam
1111 2271 1176 2313 non
1197 2271 1265 2313 ma·

139 2374 235 2436 gnam
262 2351 451 2435 eloquentiae
475 2353 642 2414 materiam
669 2353 837 2432 praeberet,
858 2369 1021 2412 mensuras
1044 2370 1165 2424 omnes,
1186 2349 1263 2411 nihil

139 2453 268 2534 quidem
284 2453 479 2528 immutatas,
489 2471 509 2511 a
523 2451 623 2512 Gnido
638 2451 678 2511 ad
692 2453 864 2530 AEgyptum
879 2449 1049 2523 transtulit,
1063 2450 1169 2528 sicque
1182 2449 1266 2510 viam

139 2552 198 2614 sibi
213 2550 341 2633 aperuit
355 2548 394 2611 ad
410 2551 613 2631 pangendam
626 2549 686 2610 Nili
701 2548 944 2629 descriptionem
958 2547 1199 2627 grandiloquam
1216 2568 1223 2609 ε

284 2736 376 2807 Atque
390 2734 452 2790 haec
466 2734 528 2789 illas
542 2738 586 2789 est
601 2734 719 2789 demum
733 2750 871 2789 mensura
885 2748 1026 2804 peroras,

285 2815 362 2879 Quas
377 2814 453 2887 rigat
465 2812 569 2869 aestiuis
583 2813 716 2885 gravidus
731 2814 906 2869 torrentibus
921 2812 1016 2868 amnis

283 2894 375 2963 Nilus,
387 2898 415 2949 et
430 2910 583 2965 erumpens
594 2893 723 2949 imitatur
737 2894 833 2949 sidera
844 2893 948 2948 mundi

285 2976 339 3031 Per
352 2977 464 3046 septem
478 2973 577 3029 fauces
591 2976 678 3045 atque
693 2991 744 3029 ora
758 2973 887 3046 fugantia
900 2978 1021 3046 pontum
1032 2976 1053 3028 ¹.

142 3152 263 3214 Rhetor
275 3156 333 3226 est,
351 3152 405 3231 qui
419 3151 464 3213 ita
477 3151 620 3215 veritatis
635 3152 805 3213 observans
819 3155 877 3210 est.

700 3476 729 3542 ll

182 3666 240 3737 llic
262 3675 371 3735 forsan
389 3672 501 3753 aliquis
523 3670 640 3733 Manilii
664 3669 880 3731 defensionem
902 3663 1063 3745 suscipiet,
1076 3662 1172 3743 idque
1192 3680 1270 3741 pro·

142 3780 250 3854 ponet,
278 3773 505 3834 astronomiam
533 3789 596 3831 non
624 3767 664 3830 ob
691 3767 776 3838 aliud
804 3766 844 3825 ab
872 3782 909 3825 eo
938 3763 1033 3843 paulo
1062 3759 1273 3840 negligentius

143 3871 300 3945 habitam,
317 3888 412 3949 quam
431 3870 516 3949 quod
535 3866 714 3944 astrologiae
735 3882 862 3925 omnem
883 3862 1005 3921 dederit
1023 3875 1174 3939 operam:
1191 3856 1271 3916 sicut

144 3971 252 4030 Romae
268 3967 375 4029 veleb
394 3967 555 4047 epicureis,
576 3964 628 4028 vel
644 3962 780 4025 astoicis
801 3979 866 4022 non
885 3958 996 4019 eadem
1015 3974 1090 4017 cura
1107 3953 1269 4033 physicam

144 4068 300 4128 rationem
317 4072 486 4127 tractatam
507 4066 611 4137 fuisse,
628 4080 723 4142 quam
744 4058 880 4121 ethicam
900 4063 932 4118 et
950 4074 1022 4135 quae
1045 4053 1085 4113 ad
1106 4051 1273 4113 instituen-

145 4164 218 4226 dam
233 4165 331 4225 vitam
348 4162 530 4243 pertineret.

178 4354 201 4403 l.
217 4353 299 4415 Man,
315 4353 431 4409 Astron,
447 4352 491 4414 ΙΙΙ,
507 4354 562 4402 att.
