3184 5125
645 467 808 532 -81-

157 605 230 668 Jam
243 620 318 665 vero
334 606 479 663 natantes
498 599 627 681 inspice,
645 601 762 682 quique
780 621 814 664 so
833 602 1027 667 concharum
1043 623 1139 667 causa
1158 606 1288 670 immer-

161 707 242 783 gunt
253 698 368 784 pelago
386 715 393 760 :

304 833 359 899 Sic,
375 833 452 887 venit
467 848 501 886 ex
515 831 564 886 illo
580 831 744 904 (Delphino)
761 834 901 906 quisquis,
915 834 1047 891 volitabit
1059 835 1090 892 in
1105 837 1198 908 undis,

305 915 385 970 Nunc
400 912 516 967 alterna
530 911 625 966 ferens
635 912 666 968 in
680 912 771 969 lentos
782 914 902 969 brachia
914 917 1007 970 tactim

302 993 446 1064 Explausa
457 991 604 1046 resonabit
623 1008 709 1064 aqua,
725 1009 803 1048 nunc
819 1009 934 1065 aequore
948 1011 1060 1050 mersas

306 1073 425 1129 Diducct
439 1071 561 1142 palmas,
577 1070 697 1126 furtivus
713 1088 809 1128 remes
825 1073 941 1143 inipso,

304 1152 384 1207 Nunc
398 1151 428 1205 in
443 1167 533 1223 aquas
547 1154 643 1206 rectus
658 1151 764 1221 veniet,
781 1169 957 1226 pessumque
972 1155 1092 1224 natabit,

305 1231 340 1286 Et
353 1230 428 1285 vada
443 1229 578 1286 mentitus
589 1231 692 1286 reddat
706 1248 793 1303 super
808 1249 924 1305 aequore
936 1250 1085 1305 campum,

306 1314 364 1366 Aut
378 1309 501 1366 immota
514 1309 609 1365 ferens
624 1310 654 1364 in
668 1314 770 1382 tergus
785 1312 918 1368 membra
932 1313 1066 1386 latusque

307 1392 369 1447 Non
385 1390 518 1446 onerabit
531 1406 621 1462 aquas
635 1392 816 1463 summisque
833 1393 983 1448 accumbet
996 1394 1027 1448 in
1042 1393 1141 1464 undis,

308 1471 503 1541 Pendcbitque
519 1486 615 1541 super,
629 1473 745 1526 tantum
759 1471 820 1526 sinc
836 1471 945 1545 remige
960 1474 1067 1528 velum.

344 1550 401 1605 lllis
415 1551 445 1605 in
460 1555 549 1621 ponto
561 1550 724 1622 jucundum
738 1554 783 1606 est
798 1568 927 1624 quaerere
942 1556 1075 1624 pontum,

309 1629 492 1702 Corporaque
507 1630 687 1702 immergunt
700 1630 794 1694 undis,
809 1631 962 1704 ipsumque
975 1633 1028 1688 sub
1043 1633 1132 1689 antris

308 1712 401 1766 Nerea
415 1713 444 1765 et
457 1727 607 1782 aequoreas
621 1715 762 1766 conantur
773 1711 865 1768 visere
879 1714 1041 1785 Nymphas;

308 1789 523 1862 Expectantque
536 1790 624 1845 maris
639 1792 763 1862 praedas,
779 1794 809 1846 et
821 1795 906 1863 rapta
919 1793 1065 1864 protunda

309 1869 472 1944 Naufragia,
488 1874 575 1943 atque
590 1870 665 1926 imas
681 1871 756 1926 avidi
769 1876 932 1927 scrutantur
946 1890 1048 1929 arenas
1063 1878 1085 1929 ¹.

166 2039 239 2102 Jam
254 2039 443 2120 petauristas
456 2058 492 2101 ac
507 2039 709 2101 circulatores
724 2040 893 2113 admirare,
909 2041 1042 2103 mobilia

310 2208 447 2279 Corpora,
463 2225 526 2280 quae
541 2208 645 2264 vadido
661 2207 767 2262 saliunt
782 2224 902 2262 excussa
915 2210 1047 2278 petauro,

308 2289 498 2359 alternosque
514 2287 588 2343 cient
602 2292 708 2357 motus,
725 2287 839 2343 delatus
854 2292 883 2342 et
897 2288 946 2341 ille

310 2368 391 2423 Nunc
402 2368 490 2439 jacet,
506 2371 593 2439 atque
606 2368 694 2440 hujus
709 2383 776 2422 casu
791 2368 977 2439 suspenditur
990 2369 1056 2437 illc;

311 2447 471 2503 Membrave
486 2463 536 2518 per
549 2447 683 2501 llammes
699 2447 840 2519 orbesque
855 2446 961 2501 amissa
976 2446 1142 2520 flagrantes,

310 2527 430 2583 Molliter
447 2530 478 2582 ut
492 2526 608 2599 liquidis
624 2543 676 2599 per
690 2526 816 2581 humum
830 2532 980 2599 ponuntur
993 2527 1024 2583 in
1037 2526 1131 2599 undiS,

310 2606 541 2680 Delphinumque
554 2624 605 2663 suo
621 2622 672 2677 per
686 2606 773 2662 inane
788 2607 934 2661 imitantia
948 2613 1032 2663 motu

309 2687 344 2743 Et
357 2688 475 2743 viduata
490 2687 586 2743 volant
597 2687 699 2758 pennis
714 2690 742 2742 ct
756 2687 787 2740 in
803 2703 869 2741 aero
884 2687 990 2742 ludunt
1000 2696 1021 2743 ².

168 2856 323 2919 Continuo
339 2857 563 2938 pantomimus
581 2857 677 2918 tacito
694 2860 794 2936 gestu,
812 2856 943 2918 allectus
957 2858 1082 2932 referet,

413 3026 553 3099 Solusque
573 3041 626 3097 per
640 3042 740 3082 omues

310 3105 366 3161 lbit
379 3122 518 3178 personas
533 3109 562 3160 et
576 3105 693 3160 turbam
707 3104 810 3161 reddet
824 3105 853 3159 in
870 3122 945 3175 un03

309 3187 366 3241 Aut
380 3201 502 3257 magnos
518 3185 624 3241 heroas
640 3188 707 3257 eget
722 3185 854 3257 civesque
869 3188 998 3256 togatos3

311 3265 410 3321 Omnis
424 3266 550 3321 fortunae
565 3266 674 3319 vultum
689 3280 742 3335 per
757 3265 888 3318 membra
902 3264 1030 3333 reducet,

310 3345 500 3417 AEquabitque
516 3346 617 3399 choros
631 3347 724 3416 gestu,
740 3347 879 3415 cogetque
897 3342 994 3397 videre

309 3427 485 3481 Praesentem
499 3425 615 3496 Trojam
627 3424 830 3495 Priamumque
846 3426 913 3477 ante
929 3438 980 3477 ora
994 3422 1186 3480 cadentem?³

166 3591 284 3656 Deinde
300 3592 435 3655 artifices
450 3593 519 3653 auri
535 3597 716 3666 occurrunt,

463 3752 513 3824 qui
532 3751 612 3806 mille
627 3751 727 3822 figuris

308 3831 423 3887 Vertere
438 3846 509 3903 opus
525 3829 636 3902 possint
650 3830 783 3899 ternique
802 3827 950 3899 acquirere
963 3828 1060 3885 dotem

307 3912 432 3968 llateriae
447 3916 476 3966 et
486 3910 618 3982 lapidum
632 3910 709 3965 vivos
719 3910 839 3964 miscere
855 3909 966 3964 colores
977 3911 1022 3967 ὅ...

193 4110 216 4155 l.
233 4106 314 4168 Mam,
329 4106 447 4165 Astron,
466 4107 497 4167 V,
513 4106 567 4155 423.

194 4176 372 4238 2.1d.,ioid.,
388 4178 420 4238 V,
436 4178 491 4226 llo.

194 4248 218 4297 3.
235 4248 285 4311 ld.,
299 4248 374 4306 ibid,
388 4249 419 4308 V,
433 4248 487 4298 481.

196 4319 219 4368 l.
233 4318 283 4381 ld,
296 4318 369 4377 ibid,
388 4320 443 4369 aot.

239 4409 352 4464 blason.
