3184 5125
783 461 943 527 ..pg-

296 599 357 661 Sed
372 617 472 679 neque
491 596 635 660 Manilius
649 596 738 671 alias,
755 616 814 660 nec
827 597 997 679 quisquam
1016 594 1081 656 lere
1100 601 1197 676 poeta
1215 596 1282 660 ullo
1300 599 1333 661 iu
1354 620 1428 668 car.

296 696 380 758 mine
395 695 578 776 pulchriora
596 701 628 756 et
646 695 746 774 magis
765 694 956 758 admiranda
974 693 1073 754 edidit
1091 711 1188 776 quam
1207 714 1279 778 quae
1301 701 1426 779 magni-

296 793 496 855 ficentissima
519 792 551 853 in
572 791 730 873 principio
755 792 828 854 libri
849 792 945 873 primi
966 791 1005 854 de
1028 790 1185 855 Chaldaeis
1205 793 1426 878 AEgyptiisque

294 891 498 953 inveniuntur
523 907 532 952 :
554 890 586 961 in
609 889 725 969 quibus
748 891 846 952 finem
869 889 1026 952 scribendi
1046 888 1173 962 faciam,
1189 895 1224 951 ut
1246 890 1427 973 legentibus

294 1007 390 1070 quem
405 987 526 1070 optima
540 986 662 1049 Manilii
677 986 771 1050 duret
787 987 978 1049 existimatio
995 1004 1003 1048 :

434 1123 469 1177 Et
483 1123 588 1176 natura
599 1118 680 1186 dedit
694 1119 779 1190 vires,
794 1136 882 1193 seque
897 1121 958 1192 ipsa
972 1120 1099 1188 reclusit,

434 1202 557 1274 Regales
574 1201 686 1256 animos
700 1200 828 1272 primum
843 1200 964 1274 dignata
974 1216 1100 1267 movere,

434 1281 571 1338 Proxima
582 1282 734 1353 tangentes
746 1297 843 1338 rerum
852 1280 968 1353 fastigia
979 1281 1064 1348 caelo;

435 1361 489 1427 Qui
505 1361 644 1417 domuere
659 1361 735 1417 feras
752 1365 854 1432 gentes
868 1360 985 1416 Oriente
999 1360 1051 1415 sub
1065 1359 1139 1432 ipso,

434 1443 511 1507 Quas
526 1444 605 1496 secat
618 1440 788 1512 Euphrates,
804 1440 834 1495 in
851 1457 924 1512 quas
939 1445 970 1496 et
983 1440 1063 1496 Nilus
1077 1439 1217 1509 abundat,

434 1522 496 1586 Qua
508 1520 635 1576 mundus
649 1521 725 1576 redit
738 1525 767 1576 et
779 1520 878 1593 nigras
894 1522 1073 1593 superevolat
1088 1521 1182 1578 urbes.

432 1604 511 1657 Tune
529 1600 578 1671 qui
593 1600 703 1671 templa
717 1600 806 1656 sacris
821 1599 973 1656 coluerunt
986 1617 1073 1656 omne
1088 1616 1140 1673 per
1154 1617 1256 1671 aevum,

433 1678 597 1750 Delectique
612 1679 775 1735 sacerdotes
784 1679 814 1734 in
828 1679 944 1751 publiea
955 1684 1034 1747 vota,

433 1757 532 1815 Officio
547 1757 662 1813 vinxere
674 1759 772 1826 deum,
789 1759 892 1831 quibus
902 1759 964 1832 ipsa
979 1759 1105 1832 potentis

432 1837 564 1895 Numinis
574 1837 705 1893 accendit
717 1843 829 1894 castam
845 1839 999 1910 praesentia
1010 1842 1151 1909 ruentem,

431 1920 520 1992 Inque
532 1919 619 1974 deum
635 1918 705 1973 deus
719 1919 779 1991 ipse
789 1918 865 1987 tulit,
876 1919 1025 1992 patuitque
1040 1919 1187 1976 ministris.

432 1999 465 2055 lli
478 2001 591 2054 tantum
607 2013 723 2054 movere
738 1999 826 2054 decus
841 1999 984 2071 primique
999 2015 1051 2072 per
1065 2003 1159 2056 artem

432 2078 578 2136 Sideribus
593 2078 689 2133 videre
702 2078 781 2150 ¹uagis
798 2079 955 2149 pendentia
971 2079 1040 2136 lata.

431 2158 550 2232 Singula
564 2174 632 2214 nam
648 2158 766 2231 proprio
782 2159 934 2231 signarunt
947 2162 1081 2231 tempora
1095 2175 1173 2230 casu,

431 2241 530 2313 Longa
544 2254 597 2310 per
607 2237 739 2294 assiduas
749 2238 892 2310 complexi
907 2238 1003 2294 secula
1015 2254 1097 2294 curas
1113 2257 1120 2295 ε

429 2316 569 2376 Nascendi
584 2334 649 2387 qum
661 2317 764 2389 cuique
777 2317 848 2386 dies,
863 2334 927 2389 qum
943 2317 1003 2374 vita
1017 2317 1127 2381 luisset,

429 2400 462 2454 ln
475 2414 546 2470 quas
560 2396 683 2452 fortuna
697 2397 776 2469 leges
790 2413 913 2469 quaeque
925 2397 998 2453 bora
1011 2398 1130 2466 valeret,

430 2478 599 2549 Quantaque
615 2493 703 2548 quam
716 2476 797 2549 parvi
814 2476 941 2532 lacerent
955 2476 1119 2533 discrimina
1132 2481 1237 2534 motus.

428 2563 585 2630 Postquam
597 2556 692 2613 omnis
703 2556 767 2612 cali
781 2557 890 2629 species
904 2555 1090 2613 redeuntibus
1105 2557 1189 2614 astris

307 2705 311 2709 ⁵
426 2640 573 2708 Praecepta
585 2636 614 2691 iu
628 2636 759 2708 proprias
774 2635 869 2707 sedes,
881 2641 911 2693 et
922 2637 1035 2693 reddita
1048 2636 1132 2693 certis

426 2722 560 2776 Fatorum
574 2714 719 2771 ordinibus
735 2733 787 2773 sua
802 2715 904 2789 cuique
914 2717 1045 2790 potentia
1060 2717 1162 2773 formae
1176 2734 1184 2773 ε

426 2801 479 2854 Per
489 2802 583 2853 varios
595 2812 660 2851 usus
674 2800 766 2851 artem
781 2796 958 2868 experientia
970 2797 1048 2861 fecit,

426 2876 565 2946 Exemplo
580 2878 759 2931 monstrante
774 2875 862 2944 viam,
878 2877 1081 2949 speculataque
1095 2876 1182 2949 longe

370 2963 375 2972 '
425 2952 580 3024 Deprendit
593 2952 687 3007 tacitis
704 2952 886 3009 dominantia
900 2954 1013 3027 legibus
1025 2958 1113 3026 astra,

426 3036 460 3089 Et
472 3036 566 3088 totum
581 3034 688 3087 aelerna
707 3032 850 3087 mundum
866 3033 978 3089 ratione
993 3035 1111 3100 moveri,

423 3114 615 3185 Fatorumque
630 3110 704 3167 vines
719 3111 803 3168 certis
818 3112 979 3170 discernere
995 3113 1085 3185 signis
1101 3116 1120 3169 ¹.

313 3268 335 3317 l.
350 3264 432 3328 llam,
448 3262 560 3321 Astron„
577 3261 598 3323 Ι,
611 3263 651 3311 lb.

529 3450 591 3505 Vidi
606 3466 640 3505 ao
653 3449 774 3522 perlegi,

363 3529 482 3586 Lutetiae
497 3529 687 3598 Parisiorum,
703 3530 734 3584 in
750 3529 889 3596 Sorbonzr,

332 3628 359 3666 a.
376 3610 404 3666 d.
422 3611 518 3666 XKal.
534 3611 588 3665 Jul.
605 3610 683 3665 anni.
699 3609 958 3665 Mbcuctxxxvss.

279 3691 426 3747 facultatis
440 3690 607 3745 Litterarum
621 3692 652 3744 tn
665 3689 817 3755 Academia
831 3691 982 3745 Porisiensi

565 3772 694 3837 baconus,

543 3869 576 3923 Α.
593 3868 690 3922 Hrnnu.

994 3946 1079 4020 ‘lypis
1093 3946 1260 4003 mandetur.

915 4028 1071 4095 Academia
1086 4029 1251 4083 Porisicncis
1263 4027 1369 4098 rector,
