3184 5125
657 530 820 593 ..g-1..

713 772 757 839 lV

204 970 270 1029 Nec
292 967 478 1029 crediderim
501 968 651 1049 juvenem
680 969 852 1031 admodum
875 978 1003 1051 poetam
1030 974 1070 1034 ad
1096 973 1296 1036 scribendum

164 1065 349 1141 accessisse,
368 1066 513 1146 quamvis
525 1066 591 1146 ipse
606 1066 651 1126 ita
667 1066 845 1146 optaverit:

277 1248 279 1253 ·
311 1235 429 1289 Annosa
443 1235 471 1289 et
483 1232 566 1289 molli
581 1232 730 1304 contingat
743 1232 802 1288 rita
815 1237 931 1289 senecta
944 1238 966 1287 ¹.

165 1416 248 1477 ilino
263 1423 371 1479 contra
387 1418 456 1497 jam
477 1436 542 1479 non
563 1417 712 1496 juvenem
729 1418 824 1479 fuisse
845 1419 990 1479 inieram.
1005 1421 1083 1480 Nam
1099 1419 1150 1479 vix
1164 1420 1296 1498 ingressi

167 1514 269 1574 vitam
287 1514 418 1575 necdum
443 1514 550 1595 prima
569 1515 672 1595 spatia
686 1515 806 1575 emensi
823 1534 888 1576 non
904 1518 970 1577 fere
984 1521 1139 1577 senectam
1156 1522 1295 1598 optant:

166 1630 267 1691 quam
280 1630 296 1672 e
310 1612 484 1693 longinquo
500 1618 712 1693 prospectam,
730 1613 878 1692 praesenti
894 1613 972 1674 llore
988 1613 1052 1675 laeti
1069 1620 1100 1675 et
1114 1615 1295 1695 gestientes,

165 1708 309 1787 horrent,
326 1709 443 1770 nedum
466 1715 590 1788 optent.
611 1711 650 1771 nt
672 1709 747 1789 quid
768 1710 869 1791 prosit
892 1712 1024 1790 optare?
1042 1711 1140 1771 vitam
1160 1719 1298 1794 carpunt

164 1806 335 1885 integram,
349 1825 408 1866 nec
423 1806 632 1868 reformidant
645 1824 685 1866 ne
699 1801 838 1887 spatium
852 1807 884 1867 in
900 1808 985 1886 quod
1000 1808 1205 1869 effunduntur
1218 1810 1294 1871 libe-

163 1904 242 1976 rius,
259 1903 458 1965 currentibus
477 1904 715 1965 intercludatur.
735 1905 774 1965 At
794 1904 848 1984 qui
864 1905 932 1982 jam
947 1905 1119 1984 juvenilem
1137 1906 1294 1969 luxuriem

165 2019 301 2079 spesque
315 2001 443 2061 insanas
455 2019 636 2081 caecumque
651 2000 800 2061 fiduciam
818 2020 923 2061 rerum
935 2008 1146 2074 excesserunt,
1159 2021 1294 2079 quorum

161 2096 232 2176 jam
247 2103 383 2175 vergunt
397 2098 482 2172 anni,
499 2105 657 2158 senectam
678 2097 724 2157 illi
742 2098 774 2158 in
793 2097 902 2157 limine
918 2104 1051 2157 senectae
1072 2117 1135 2157 non
1150 2098 1295 2173 horrent,

166 2198 328 2254 senectam
343 2213 414 2255 cum
431 2200 609 2255 senescente
629 2194 777 2255 Cicerone
798 2194 941 2270 landant,
956 2198 1075 2265 amant,
1093 2199 1214 2272 optant.
1231 2197 1296 2255 Nec

167 2289 287 2351 misera
310 2310 346 2351 ea
368 2298 400 2351 et
421 2294 564 2353 confecta
584 2298 615 2352 et
638 2291 735 2351 tristis
754 2290 820 2353 vita
840 2290 965 2350 videtur
978 2308 1055 2365 esse,
1073 2290 1127 2351 sed
1148 2291 1214 2351 vita
1237 2291 1292 2353 de-

165 2406 255 2448 mum
272 2394 303 2448 ot
317 2388 386 2449 ideo
403 2407 474 2449 cum
489 2389 582 2449 malis
597 2388 743 2450 omnibus
758 2387 853 2450 bona.

205 2486 244 2545 Di
266 2484 444 2548 audiverint
463 2486 582 2547 Manilii
601 2494 685 2556 vota,
704 2504 812 2565 necne,
830 2486 983 2546 incertum
1003 2490 1063 2547 est.
1079 2488 1158 2547 Nam
1176 2485 1293 2567 imper-

162 2585 283 2646 fectum
303 2603 382 2664 opus
403 2584 527 2646 videtur
542 2584 686 2646 relictum
701 2585 808 2659 luisse,
824 2584 888 2645 sive
904 2590 1005 2664 poetae
1022 2590 1135 2656 morte,
1152 2584 1215 2644 sive
1230 2604 1293 2662 quo

164 2681 228 2742 alio
254 2701 339 2742 casu.
357 2683 398 2742 At
417 2701 481 2742 non
500 2681 591 2743 illurn
607 2681 647 2742 ab
663 2682 787 2762 incepto
804 2682 957 2743 destitisse
971 2681 1042 2741 ideo
1059 2680 1202 2754 dixerim,
1219 2681 1295 2758 quia

123 2801 128 2816 ·
165 2779 371 2858 astrologiam
398 2784 534 2840 tractare
559 2798 652 2840 nemo
676 2779 801 2840 Tiberio
828 2778 969 2858 principe
994 2783 1109 2857 posset,
1135 2776 1195 2836 nisi
1220 2795 1292 2837 cunr

163 2877 316 2955 periculo.
335 2875 429 2938 Aliud
448 2877 533 2938 enim
550 2882 597 2937 est
613 2876 817 2954 astrologiam
839 2873 1075 2936 consulentibus
1089 2873 1292 2954 respondere,

164 2972 374 3054 stimulosque
392 2974 566 3036 multorum
584 2974 750 3036 ambitioni
769 2973 897 3047 addere,
913 2973 967 3052 qni
987 2972 1145 3034 civitatem
1164 2973 1296 3033 turbent

166 3076 198 3130 et
222 3076 375 3146 evertant,
397 3091 436 3132 ne
459 3073 548 3150 signa
568 3071 761 3133 mentiantur
784 3089 791 3132 :
814 3070 900 3132 aliud
921 3089 1048 3149 prorsus
1066 3069 1104 3130 de
1121 3069 1293 3146 astrologia

167 3166 277 3229 otiosis
300 3169 446 3242 scribere,
477 3187 667 3248 carmenque
695 3168 736 3229 ob
766 3167 989 3248 explicandum
1016 3166 1190 3243 ingenium,
1220 3182 1291 3225 cum

166 3264 357 3327 aemulorum
372 3271 496 3327 tantum
510 3266 682 3327 offensione
697 3263 969 3335 scholasticorum,
984 3262 1130 3322 condere.
1144 3263 1207 3320 Nec
1221 3278 1293 3338 pro·

165 3363 249 3424 lecto
265 3363 410 3445 princeps
426 3363 607 3435 curavisset,
624 3361 700 3442 quid
714 3361 800 3420 intra
814 3359 880 3420 ludi
895 3358 1031 3438 parietes
1048 3355 1170 3416 vetulus
1185 3355 1295 3417 rhetor

165 3460 205 3520 de
221 3461 313 3521 astris
328 3461 542 3522 concinnaret.

206 3557 288 3617 Fieri
301 3558 436 3638 denique
450 3558 564 3638 potuit,
576 3562 611 3618 ut
621 3561 766 3617 exactum
775 3573 855 3636 opus
868 3558 899 3615 et
911 3551 965 3614 diu
977 3551 1160 3631 despectum
1172 3552 1294 3629 neglec-

165 3659 299 3735 tumque
314 3674 379 3717 non
394 3655 557 3735 scriptoris
570 3654 707 3734 quodam
724 3671 810 3726 casu,
822 3651 877 3712 sed
892 3649 1065 3712 scribarum
1080 3649 1156 3710 vitio
1169 3649 1294 3729 quihus·

167 3751 243 3813 dam
268 3752 412 3831 partibus
433 3753 527 3814 luerit
546 3757 738 3828 truncatum,
759 3749 907 3830 quodque
928 3747 1147 3826 imperfectum
1169 3747 1296 3808 videtur

166 3867 247 3924 esse,
263 3851 400 3911 fractum
417 3858 448 3912 et
462 3850 626 3911 ruinosum
641 3847 752 3909 melius
768 3847 902 3907 dicatur.

198 4037 221 4088 1.
237 4035 340 4100 Manli,
354 4035 470 4094 Astron„
486 4035 507 4097 l,
522 4036 576 4085 ttl.
