<?xml version="1.0" encoding="UTF-8"?>
<!DOCTYPE html PUBLIC "-//W3C//DTD XHTML 1.0 Transitional//EN"
    "http://www.w3.org/TR/xhtml1/DTD/xhtml1-transitional.dtd">
<html xmlns="http://www.w3.org/1999/xhtml" xml:lang="en" lang="en">
 <head>
  <title>
</title>
<meta http-equiv="Content-Type" content="text/html;charset=utf-8" />
  <meta name='ocr-system' content='tesseract 3.04.00' />
  <meta name='ocr-capabilities' content='ocr_page ocr_carea ocr_par ocr_line ocrx_word'/>
</head>
<body>
  <div class='ocr_page' id='page_1' title='image "./demaniliopoetae01lansgoog_0030.png"; bbox 0 0 3184 5125; ppageno 0'>
   <div class='ocr_carea' id='block_1_1' title="bbox 812 454 955 518">
    <p class='ocr_par' dir='ltr' id='par_1_1' title="bbox 812 454 955 518">
     <span class='ocr_line' id='line_1_1' title="bbox 812 454 955 518; baseline 0 -15"><span class='ocrx_word' id='word_1_1' title='bbox 812 454 955 518; x_wconf 74' lang='grc'>..6-</span> 
     </span>
    </p>
   </div>
   <div class='ocr_carea' id='block_1_2' title="bbox 264 589 1515 3411">
    <p class='ocr_par' dir='ltr' id='par_1_2' title="bbox 264 589 1454 1551">
     <span class='ocr_line' id='line_1_2' title="bbox 264 589 1453 671; baseline 0.001 -19"><span class='ocrx_word' id='word_1_2' title='bbox 264 590 269 601; x_wconf 83' lang='grc'><strong>“</strong></span> <span class='ocrx_word' id='word_1_3' title='bbox 359 594 477 671; x_wconf 81' lang='lat' dir='ltr'><strong>Nempe</strong></span> <span class='ocrx_word' id='word_1_4' title='bbox 492 610 555 652; x_wconf 92' lang='lat' dir='ltr'>non</span> <span class='ocrx_word' id='word_1_5' title='bbox 571 608 675 670; x_wconf 87' lang='lat' dir='ltr'>operae</span> <span class='ocrx_word' id='word_1_6' title='bbox 690 589 829 670; x_wconf 91' lang='lat' dir='ltr'>pretium</span> <span class='ocrx_word' id='word_1_7' title='bbox 843 594 890 650; x_wconf 88' lang='lat' dir='ltr'>est</span> <span class='ocrx_word' id='word_1_8' title='bbox 905 590 1042 651; x_wconf 82' lang='lat' dir='ltr'>Gerartii</span> <span class='ocrx_word' id='word_1_9' title='bbox 1061 589 1244 670; x_wconf 84' lang='lat' dir='ltr'><strong>opinionem</strong></span> <span class='ocrx_word' id='word_1_10' title='bbox 1267 590 1411 653; x_wconf 80' lang='lat' dir='ltr'><strong>refellere</strong></span> <span class='ocrx_word' id='word_1_11' title='bbox 1427 596 1453 667; x_wconf 87' lang='lat'>¹,</span> 
     </span>
     <span class='ocr_line' id='line_1_3' title="bbox 318 686 1454 771; baseline 0.001 -21"><span class='ocrx_word' id='word_1_12' title='bbox 318 690 384 771; x_wconf 90' lang='lat' dir='ltr'>qui,</span> <span class='ocrx_word' id='word_1_13' title='bbox 406 708 478 751; x_wconf 91' lang='lat' dir='ltr'>cum</span> <span class='ocrx_word' id='word_1_14' title='bbox 501 689 584 768; x_wconf 88' lang='lat' dir='ltr'>apud</span> <span class='ocrx_word' id='word_1_15' title='bbox 608 687 817 748; x_wconf 79' lang='lat' dir='ltr'><strong>Claudianum</strong></span> <span class='ocrx_word' id='word_1_16' title='bbox 839 686 956 767; x_wconf 87' lang='lat' dir='ltr'>legeret</span> <span class='ocrx_word' id='word_1_17' title='bbox 978 687 1130 749; x_wconf 88' lang='lat' dir='ltr'>Manlium</span> <span class='ocrx_word' id='word_1_18' title='bbox 1152 688 1373 763; x_wconf 87' lang='lat' dir='ltr'>Theodorum,</span> <span class='ocrx_word' id='word_1_19' title='bbox 1394 692 1454 770; x_wconf 90' lang='lat' dir='ltr'>qui</span> 
     </span>
     <span class='ocr_line' id='line_1_4' title="bbox 318 785 1447 867; baseline 0.001 -18"><span class='ocrx_word' id='word_1_20' title='bbox 318 806 401 849; x_wconf 92' lang='lat' dir='ltr'>anno</span> <span class='ocrx_word' id='word_1_21' title='bbox 415 792 486 867; x_wconf 90' lang='lat' dir='ltr'>post</span> <span class='ocrx_word' id='word_1_22' title='bbox 502 786 661 848; x_wconf 80' lang='lat' dir='ltr'>Christum</span> <span class='ocrx_word' id='word_1_23' title='bbox 678 785 895 847; x_wconf 87' lang='lat' dir='ltr'>trecentesimo</span> <span class='ocrx_word' id='word_1_24' title='bbox 911 786 1116 865; x_wconf 81' lang='lat' dir='ltr'>nonagesimo</span> <span class='ocrx_word' id='word_1_25' title='bbox 1132 805 1216 847; x_wconf 93' lang='lat' dir='ltr'>nono</span> <span class='ocrx_word' id='word_1_26' title='bbox 1229 786 1288 847; x_wconf 93' lang='lat' dir='ltr'>suh</span> <span class='ocrx_word' id='word_1_27' title='bbox 1303 790 1447 850; x_wconf 84' lang='lat' dir='ltr'>Honorio</span> 
     </span>
     <span class='ocr_line' id='line_1_5' title="bbox 315 882 1452 966; baseline 0.001 -21"><span class='ocrx_word' id='word_1_28' title='bbox 315 885 513 963; x_wconf 88' lang='lat' dir='ltr'>Arcadioque</span> <span class='ocrx_word' id='word_1_29' title='bbox 529 883 705 944; x_wconf 89' lang='lat' dir='ltr'>Caesaribus</span> <span class='ocrx_word' id='word_1_30' title='bbox 717 882 826 945; x_wconf 92' lang='lat' dir='ltr'>consul</span> <span class='ocrx_word' id='word_1_31' title='bbox 841 884 911 957; x_wconf 90' lang='lat' dir='ltr'>fuit,</span> <span class='ocrx_word' id='word_1_32' title='bbox 926 892 1045 944; x_wconf 77' lang='lat' dir='ltr'>nutura</span> <span class='ocrx_word' id='word_1_33' title='bbox 1063 884 1156 945; x_wconf 83' lang='lat' dir='ltr'>sceris</span> <span class='ocrx_word' id='word_1_34' title='bbox 1176 884 1341 966; x_wconf 84' lang='lat' dir='ltr'>mundique</span> <span class='ocrx_word' id='word_1_35' title='bbox 1359 904 1452 946; x_wconf 85' lang='lat' dir='ltr'>ceca·</span> 
     </span>
     <span class='ocr_line' id='line_1_6' title="bbox 318 980 1448 1062; baseline 0 -19"><span class='ocrx_word' id='word_1_36' title='bbox 318 983 404 1055; x_wconf 82' lang='lat' dir='ltr'>cisse,</span> <span class='ocrx_word' id='word_1_37' title='bbox 418 981 503 1043; x_wconf 90' lang='lat' dir='ltr'>hunc</span> <span class='ocrx_word' id='word_1_38' title='bbox 522 982 626 1060; x_wconf 89' lang='lat' dir='ltr'>ipsum</span> <span class='ocrx_word' id='word_1_39' title='bbox 640 980 735 1042; x_wconf 85' lang='lat' dir='ltr'>luisse</span> <span class='ocrx_word' id='word_1_40' title='bbox 749 982 989 1043; x_wconf 84' lang='lat' dir='ltr'>Astronomieon</span> <span class='ocrx_word' id='word_1_41' title='bbox 1005 983 1189 1061; x_wconf 80' lang='lat' dir='ltr'>scriptorem</span> <span class='ocrx_word' id='word_1_42' title='bbox 1213 982 1372 1062; x_wconf 86' lang='lat' dir='ltr'>professus</span> <span class='ocrx_word' id='word_1_43' title='bbox 1387 989 1448 1045; x_wconf 90' lang='lat' dir='ltr'>est.</span> 
     </span>
     <span class='ocr_line' id='line_1_7' title="bbox 319 1078 1449 1160; baseline 0.002 -21"><span class='ocrx_word' id='word_1_44' title='bbox 319 1080 410 1152; x_wconf 85' lang='lat' dir='ltr'>Quod</span> <span class='ocrx_word' id='word_1_45' title='bbox 424 1086 460 1141; x_wconf 88' lang='lat' dir='ltr'>ut</span> <span class='ocrx_word' id='word_1_46' title='bbox 474 1078 553 1140; x_wconf 87' lang='lat' dir='ltr'>salso</span> <span class='ocrx_word' id='word_1_47' title='bbox 569 1079 687 1139; x_wconf 92' lang='lat' dir='ltr'>dictum</span> <span class='ocrx_word' id='word_1_48' title='bbox 707 1079 803 1140; x_wconf 87' lang='lat' dir='ltr'>fuisse</span> <span class='ocrx_word' id='word_1_49' title='bbox 818 1087 983 1160; x_wconf 79' lang='lat' dir='ltr'><strong>appareat,</strong></span> <span class='ocrx_word' id='word_1_50' title='bbox 999 1079 1076 1140; x_wconf 90' lang='lat' dir='ltr'>satis</span> <span class='ocrx_word' id='word_1_51' title='bbox 1095 1080 1154 1141; x_wconf 91' lang='lat' dir='ltr'>erit</span> <span class='ocrx_word' id='word_1_52' title='bbox 1174 1080 1333 1157; x_wconf 81' lang='lat' dir='ltr'>integrum</span> <span class='ocrx_word' id='word_1_53' title='bbox 1354 1080 1449 1142; x_wconf 90' lang='lat' dir='ltr'>Clau-</span> 
     </span>
     <span class='ocr_line' id='line_1_8' title="bbox 318 1176 1447 1258; baseline 0 -19"><span class='ocrx_word' id='word_1_54' title='bbox 318 1177 405 1239; x_wconf 91' lang='lat' dir='ltr'>diani</span> <span class='ocrx_word' id='word_1_55' title='bbox 426 1176 544 1252; x_wconf 91' lang='lat' dir='ltr'>locum,</span> <span class='ocrx_word' id='word_1_56' title='bbox 566 1195 629 1257; x_wconf 90' lang='lat' dir='ltr'>quo</span> <span class='ocrx_word' id='word_1_57' title='bbox 654 1177 761 1238; x_wconf 88' lang='lat' dir='ltr'>Manlii</span> <span class='ocrx_word' id='word_1_58' title='bbox 783 1178 942 1256; x_wconf 88' lang='lat' dir='ltr'>Theodori</span> <span class='ocrx_word' id='word_1_59' title='bbox 962 1178 1067 1239; x_wconf 88' lang='lat' dir='ltr'>studia</span> <span class='ocrx_word' id='word_1_60' title='bbox 1088 1177 1236 1239; x_wconf 80' lang='lat' dir='ltr'>describit</span> <span class='ocrx_word' id='word_1_61' title='bbox 1256 1178 1279 1251; x_wconf 82' lang='lat'>²,</span> <span class='ocrx_word' id='word_1_62' title='bbox 1298 1179 1447 1258; x_wconf 90' lang='lat' dir='ltr'>invisere,</span> 
     </span>
     <span class='ocr_line' id='line_1_9' title="bbox 319 1274 1451 1355; baseline 0.002 -20"><span class='ocrx_word' id='word_1_63' title='bbox 319 1276 402 1337; x_wconf 92' lang='lat' dir='ltr'>unde</span> <span class='ocrx_word' id='word_1_64' title='bbox 422 1275 512 1337; x_wconf 89' lang='lat' dir='ltr'>illum</span> <span class='ocrx_word' id='word_1_65' title='bbox 535 1280 571 1336; x_wconf 86' lang='lat' dir='ltr'>ut</span> <span class='ocrx_word' id='word_1_66' title='bbox 589 1275 735 1355; x_wconf 70' lang='lat' dir='ltr'>quaedam</span> <span class='ocrx_word' id='word_1_67' title='bbox 757 1276 796 1336; x_wconf 89' lang='lat' dir='ltr'>de</span> <span class='ocrx_word' id='word_1_68' title='bbox 816 1275 894 1337; x_wconf 79' lang='lat' dir='ltr'>caelo</span> <span class='ocrx_word' id='word_1_69' title='bbox 914 1281 946 1336; x_wconf 91' lang='lat' dir='ltr'>et</span> <span class='ocrx_word' id='word_1_70' title='bbox 965 1274 1068 1351; x_wconf 90' lang='lat' dir='ltr'>astris,</span> <span class='ocrx_word' id='word_1_71' title='bbox 1085 1275 1129 1336; x_wconf 91' lang='lat' dir='ltr'>ita</span> <span class='ocrx_word' id='word_1_72' title='bbox 1149 1276 1249 1336; x_wconf 89' lang='lat' dir='ltr'>multa</span> <span class='ocrx_word' id='word_1_73' title='bbox 1270 1276 1309 1336; x_wconf 93' lang='lat' dir='ltr'>de</span> <span class='ocrx_word' id='word_1_74' title='bbox 1323 1294 1451 1337; x_wconf 89' lang='lat' dir='ltr'>summa</span> 
     </span>
     <span class='ocr_line' id='line_1_10' title="bbox 319 1372 1450 1455; baseline 0.003 -22"><span class='ocrx_word' id='word_1_75' title='bbox 319 1379 444 1435; x_wconf 82' lang='lat' dir='ltr'>naturae</span> <span class='ocrx_word' id='word_1_76' title='bbox 464 1373 551 1434; x_wconf 90' lang='lat' dir='ltr'>libris</span> <span class='ocrx_word' id='word_1_77' title='bbox 566 1374 764 1454; x_wconf 81' lang='lat' dir='ltr'>explicuisse,</span> <span class='ocrx_word' id='word_1_78' title='bbox 779 1392 838 1435; x_wconf 90' lang='lat' dir='ltr'>nec</span> <span class='ocrx_word' id='word_1_79' title='bbox 855 1374 1070 1434; x_wconf 80' lang='lat' dir='ltr'>astronomica</span> <span class='ocrx_word' id='word_1_80' title='bbox 1084 1372 1230 1453; x_wconf 86' lang='lat' dir='ltr'>denique,</span> <span class='ocrx_word' id='word_1_81' title='bbox 1247 1374 1301 1434; x_wconf 93' lang='lat' dir='ltr'>sed</span> <span class='ocrx_word' id='word_1_82' title='bbox 1316 1374 1450 1455; x_wconf 88' lang='lat' dir='ltr'>physica</span> 
     </span>
     <span class='ocr_line' id='line_1_11' title="bbox 318 1471 784 1551; baseline 0.002 -19"><span class='ocrx_word' id='word_1_83' title='bbox 318 1471 479 1551; x_wconf 88' lang='lat' dir='ltr'>scripsisse</span> <span class='ocrx_word' id='word_1_84' title='bbox 494 1472 697 1532; x_wconf 85' lang='lat' dir='ltr'>manifestum</span> <span class='ocrx_word' id='word_1_85' title='bbox 712 1472 784 1533; x_wconf 88' lang='lat' dir='ltr'>erit.</span> 
     </span>
    </p>

    <p class='ocr_par' dir='ltr' id='par_1_3' title="bbox 315 1567 1515 3311">
     <span class='ocr_line' id='line_1_12' title="bbox 359 1567 1451 1647; baseline 0.001 -18"><span class='ocrx_word' id='word_1_86' title='bbox 359 1570 422 1629; x_wconf 91' lang='lat' dir='ltr'>Nec</span> <span class='ocrx_word' id='word_1_87' title='bbox 437 1569 539 1645; x_wconf 84' lang='lat' dir='ltr'>magis</span> <span class='ocrx_word' id='word_1_88' title='bbox 561 1567 662 1629; x_wconf 88' lang='lat' dir='ltr'>ullum</span> <span class='ocrx_word' id='word_1_89' title='bbox 685 1569 781 1629; x_wconf 86' lang='lat' dir='ltr'>exiis</span> <span class='ocrx_word' id='word_1_90' title='bbox 806 1586 886 1647; x_wconf 89' lang='lat' dir='ltr'>quos</span> <span class='ocrx_word' id='word_1_91' title='bbox 906 1568 1025 1629; x_wconf 91' lang='lat' dir='ltr'>Plinius</span> <span class='ocrx_word' id='word_1_92' title='bbox 1049 1574 1206 1630; x_wconf 89' lang='lat' dir='ltr'>memorat</span> <span class='ocrx_word' id='word_1_93' title='bbox 1224 1568 1386 1630; x_wconf 83' lang='lat' dir='ltr'>Manilium</span> <span class='ocrx_word' id='word_1_94' title='bbox 1411 1588 1451 1630; x_wconf 90' lang='lat' dir='ltr'>ea</span> 
     </span>
     <span class='ocr_line' id='line_1_13' title="bbox 320 1665 1449 1747; baseline 0 -21"><span class='ocrx_word' id='word_1_95' title='bbox 320 1665 435 1745; x_wconf 90' lang='lat' dir='ltr'>quibus</span> <span class='ocrx_word' id='word_1_96' title='bbox 450 1685 578 1747; x_wconf 87' lang='lat' dir='ltr'>operam</span> <span class='ocrx_word' id='word_1_97' title='bbox 600 1666 713 1727; x_wconf 89' lang='lat' dir='ltr'>damus</span> <span class='ocrx_word' id='word_1_98' title='bbox 730 1666 948 1728; x_wconf 72' lang='lat' dir='ltr'>astronomica</span> <span class='ocrx_word' id='word_1_99' title='bbox 966 1665 1126 1745; x_wconf 89' lang='lat' dir='ltr'>scripsisse</span> <span class='ocrx_word' id='word_1_100' title='bbox 1145 1665 1347 1728; x_wconf 89' lang='lat' dir='ltr'>crediderim.</span> <span class='ocrx_word' id='word_1_101' title='bbox 1369 1667 1449 1727; x_wconf 92' lang='lat' dir='ltr'>Nam</span> 
     </span>
     <span class='ocr_line' id='line_1_14' title="bbox 319 1764 1450 1844; baseline -0.001 -19"><span class='ocrx_word' id='word_1_102' title='bbox 319 1764 482 1825; x_wconf 86' lang='lat' dir='ltr'>Manilium</span> <span class='ocrx_word' id='word_1_103' title='bbox 502 1764 772 1843; x_wconf 88' lang='lat' dir='ltr'>Mathematicum,</span> <span class='ocrx_word' id='word_1_104' title='bbox 789 1783 809 1825; x_wconf 93' lang='lat' dir='ltr'>a</span> <span class='ocrx_word' id='word_1_105' title='bbox 829 1783 893 1844; x_wconf 88' lang='lat' dir='ltr'>quo</span> <span class='ocrx_word' id='word_1_106' title='bbox 909 1764 1107 1843; x_wconf 79' lang='lat' dir='ltr'>grammatici</span> <span class='ocrx_word' id='word_1_107' title='bbox 1127 1764 1207 1825; x_wconf 86' lang='lat' dir='ltr'>sexli</span> <span class='ocrx_word' id='word_1_108' title='bbox 1222 1764 1336 1825; x_wconf 89' lang='lat' dir='ltr'>decimi</span> <span class='ocrx_word' id='word_1_109' title='bbox 1352 1764 1450 1825; x_wconf 92' lang='lat' dir='ltr'>seculi</span> 
     </span>
     <span class='ocr_line' id='line_1_15' title="bbox 320 1861 1450 1941; baseline -0.001 -19"><span class='ocrx_word' id='word_1_110' title='bbox 320 1862 406 1941; x_wconf 91' lang='lat' dir='ltr'>apud</span> <span class='ocrx_word' id='word_1_111' title='bbox 429 1861 567 1922; x_wconf 92' lang='lat' dir='ltr'>Plinium</span> <span class='ocrx_word' id='word_1_112' title='bbox 585 1861 759 1940; x_wconf 81' lang='lat' dir='ltr'>legebant³</span> <span class='ocrx_word' id='word_1_113' title='bbox 781 1862 946 1941; x_wconf 86' lang='lat' dir='ltr'>cujusdam</span> <span class='ocrx_word' id='word_1_114' title='bbox 971 1861 1099 1923; x_wconf 90' lang='lat' dir='ltr'>obelisci</span> <span class='ocrx_word' id='word_1_115' title='bbox 1123 1862 1279 1924; x_wconf 89' lang='lat' dir='ltr'>cacumini</span> <span class='ocrx_word' id='word_1_116' title='bbox 1303 1867 1450 1923; x_wconf 90' lang='lat' dir='ltr'>auratam</span> 
     </span>
     <span class='ocr_line' id='line_1_16' title="bbox 315 1959 1450 2040; baseline 0.001 -21"><span class='ocrx_word' id='word_1_117' title='bbox 315 1959 420 2040; x_wconf 77' lang='lat' dir='ltr'>&#39;pilam</span> <span class='ocrx_word' id='word_1_118' title='bbox 431 1961 572 2039; x_wconf 84' lang='lat' dir='ltr'>Augusto</span> <span class='ocrx_word' id='word_1_119' title='bbox 586 1960 728 2040; x_wconf 88' lang='lat' dir='ltr'>principe</span> <span class='ocrx_word' id='word_1_120' title='bbox 739 1960 833 2021; x_wconf 82' lang='lat' dir='ltr'>fuisse</span> <span class='ocrx_word' id='word_1_121' title='bbox 847 1960 986 2020; x_wconf 90' lang='lat' dir='ltr'>additam</span> <span class='ocrx_word' id='word_1_122' title='bbox 1003 1959 1043 2019; x_wconf 88' lang='lat' dir='ltr'>ad</span> <span class='ocrx_word' id='word_1_123' title='bbox 1054 1960 1287 2038; x_wconf 84' lang='lat' dir='ltr'>dignoscendas</span> <span class='ocrx_word' id='word_1_124' title='bbox 1297 1960 1450 2021; x_wconf 89' lang='lat' dir='ltr'>horarum</span> 
     </span>
     <span class='ocr_line' id='line_1_17' title="bbox 320 2057 1448 2138; baseline -0.001 -20"><span class='ocrx_word' id='word_1_125' title='bbox 320 2058 470 2136; x_wconf 89' lang='lat' dir='ltr'>rationes,</span> <span class='ocrx_word' id='word_1_126' title='bbox 489 2057 559 2137; x_wconf 85' lang='lat' dir='ltr'>jam</span> <span class='ocrx_word' id='word_1_127' title='bbox 583 2078 648 2120; x_wconf 92' lang='lat' dir='ltr'>non</span> <span class='ocrx_word' id='word_1_128' title='bbox 672 2057 833 2138; x_wconf 88' lang='lat' dir='ltr'>appellare</span> <span class='ocrx_word' id='word_1_129' title='bbox 859 2058 958 2131; x_wconf 88' lang='lat' dir='ltr'>decet,</span> <span class='ocrx_word' id='word_1_130' title='bbox 981 2076 1052 2118; x_wconf 89' lang='lat' dir='ltr'>cum</span> <span class='ocrx_word' id='word_1_131' title='bbox 1073 2058 1246 2118; x_wconf 89' lang='lat' dir='ltr'>recentium</span> <span class='ocrx_word' id='word_1_132' title='bbox 1264 2058 1448 2136; x_wconf 86' lang='lat' dir='ltr'>grammati-</span> 
     </span>
     <span class='ocr_line' id='line_1_18' title="bbox 319 2154 1446 2234; baseline -0.003 -16"><span class='ocrx_word' id='word_1_133' title='bbox 319 2175 428 2218; x_wconf 87' lang='lat' dir='ltr'>corum</span> <span class='ocrx_word' id='word_1_134' title='bbox 445 2174 598 2217; x_wconf 90' lang='lat' dir='ltr'>consensu</span> <span class='ocrx_word' id='word_1_135' title='bbox 613 2156 779 2217; x_wconf 80' lang='lat' dir='ltr'>Facundus</span> <span class='ocrx_word' id='word_1_136' title='bbox 800 2158 905 2217; x_wconf 88' lang='lat' dir='ltr'>Novus</span> <span class='ocrx_word' id='word_1_137' title='bbox 920 2175 978 2234; x_wconf 93' lang='lat' dir='ltr'>pro</span> <span class='ocrx_word' id='word_1_138' title='bbox 994 2154 1119 2216; x_wconf 92' lang='lat' dir='ltr'>Manilio</span> <span class='ocrx_word' id='word_1_139' title='bbox 1135 2154 1167 2214; x_wconf 93' lang='lat' dir='ltr'>in</span> <span class='ocrx_word' id='word_1_140' title='bbox 1184 2154 1268 2215; x_wconf 93' lang='lat' dir='ltr'>hunc</span> <span class='ocrx_word' id='word_1_141' title='bbox 1283 2155 1389 2216; x_wconf 89' lang='lat' dir='ltr'>locum</span> <span class='ocrx_word' id='word_1_142' title='bbox 1406 2154 1446 2215; x_wconf 92' lang='lat' dir='ltr'>sit</span> 
     </span>
     <span class='ocr_line' id='line_1_19' title="bbox 320 2252 1450 2332; baseline -0.003 -18"><span class='ocrx_word' id='word_1_143' title='bbox 320 2253 521 2331; x_wconf 87' lang='lat' dir='ltr'>accipiendus</span> <span class='ocrx_word' id='word_1_144' title='bbox 534 2254 556 2315; x_wconf 72' lang='lat'>⁴.</span> <span class='ocrx_word' id='word_1_145' title='bbox 574 2253 735 2314; x_wconf 81' lang='lat' dir='ltr'>Manilium</span> <span class='ocrx_word' id='word_1_146' title='bbox 754 2272 830 2315; x_wconf 88' lang='lat' dir='ltr'>vero</span> <span class='ocrx_word' id='word_1_147' title='bbox 849 2259 1040 2326; x_wconf 88' lang='lat' dir='ltr'>senatorem,</span> <span class='ocrx_word' id='word_1_148' title='bbox 1061 2270 1156 2332; x_wconf 89' lang='lat' dir='ltr'>quem</span> <span class='ocrx_word' id='word_1_149' title='bbox 1176 2252 1296 2313; x_wconf 92' lang='lat' dir='ltr'>Plinius</span> <span class='ocrx_word' id='word_1_150' title='bbox 1315 2257 1450 2313; x_wconf 88' lang='lat' dir='ltr'>testatur</span> 
     </span>
     <span class='ocr_line' id='line_1_20' title="bbox 320 2349 1449 2428; baseline -0.001 -17"><span class='ocrx_word' id='word_1_151' title='bbox 320 2350 523 2411; x_wconf 86' lang='lat' dir='ltr'>astronomiae</span> <span class='ocrx_word' id='word_1_152' title='bbox 545 2350 700 2412; x_wconf 90' lang='lat' dir='ltr'>studuisse</span> <span class='ocrx_word' id='word_1_153' title='bbox 714 2352 737 2426; x_wconf 80' lang='lat'>⁵,</span> <span class='ocrx_word' id='word_1_154' title='bbox 758 2351 837 2411; x_wconf 90' lang='lat' dir='ltr'>nihil</span> <span class='ocrx_word' id='word_1_155' title='bbox 858 2351 989 2413; x_wconf 93' lang='lat' dir='ltr'>omnino</span> <span class='ocrx_word' id='word_1_156' title='bbox 1007 2356 1194 2428; x_wconf 84' lang='lat' dir='ltr'>argumento</span> <span class='ocrx_word' id='word_1_157' title='bbox 1215 2357 1273 2425; x_wconf 90' lang='lat' dir='ltr'>est,</span> <span class='ocrx_word' id='word_1_158' title='bbox 1291 2349 1389 2411; x_wconf 92' lang='lat' dir='ltr'>libros</span> <span class='ocrx_word' id='word_1_159' title='bbox 1410 2349 1449 2410; x_wconf 94' lang='lat' dir='ltr'>de</span> 
     </span>
     <span class='ocr_line' id='line_1_21' title="bbox 320 2447 1447 2527; baseline -0.002 -18"><span class='ocrx_word' id='word_1_160' title='bbox 320 2447 515 2509; x_wconf 89' lang='lat' dir='ltr'>astronomia</span> <span class='ocrx_word' id='word_1_161' title='bbox 529 2448 703 2527; x_wconf 87' lang='lat' dir='ltr'>scripsisse.</span> <span class='ocrx_word' id='word_1_162' title='bbox 724 2450 764 2509; x_wconf 85' lang='lat' dir='ltr'>At</span> <span class='ocrx_word' id='word_1_163' title='bbox 778 2451 874 2509; x_wconf 84' lang='lat' dir='ltr'>refert</span> <span class='ocrx_word' id='word_1_164' title='bbox 890 2448 974 2509; x_wconf 91' lang='lat' dir='ltr'>idem</span> <span class='ocrx_word' id='word_1_165' title='bbox 993 2447 1112 2509; x_wconf 90' lang='lat' dir='ltr'>Plinius</span> <span class='ocrx_word' id='word_1_166' title='bbox 1131 2447 1193 2509; x_wconf 89' lang='lat' dir='ltr'>alio</span> <span class='ocrx_word' id='word_1_167' title='bbox 1213 2447 1295 2522; x_wconf 91' lang='lat' dir='ltr'>loco,</span> <span class='ocrx_word' id='word_1_168' title='bbox 1312 2450 1447 2508; x_wconf 88' lang='lat' dir='ltr'>Romam</span> 
     </span>
     <span class='ocr_line' id='line_1_22' title="bbox 321 2536 1515 2626; baseline 0 -19"><span class='ocrx_word' id='word_1_169' title='bbox 321 2544 432 2607; x_wconf 90' lang='lat' dir='ltr'>eadem</span> <span class='ocrx_word' id='word_1_170' title='bbox 450 2564 530 2608; x_wconf 89' lang='lat' dir='ltr'>nave</span> <span class='ocrx_word' id='word_1_171' title='bbox 553 2544 702 2608; x_wconf 89' lang='lat' dir='ltr'>advectos</span> <span class='ocrx_word' id='word_1_172' title='bbox 721 2546 826 2621; x_wconf 89' lang='lat' dir='ltr'>fuisse,</span> <span class='ocrx_word' id='word_1_173' title='bbox 849 2545 982 2626; x_wconf 90' lang='lat' dir='ltr'>pedihus</span> <span class='ocrx_word' id='word_1_174' title='bbox 1003 2546 1141 2621; x_wconf 90' lang='lat' dir='ltr'>cretatis,</span> <span class='ocrx_word' id='word_1_175' title='bbox 1165 2570 1180 2604; x_wconf 89' lang='lat'>«</span> <span class='ocrx_word' id='word_1_176' title='bbox 1196 2545 1367 2607; x_wconf 90' lang='lat' dir='ltr'>Publilium</span> <span class='ocrx_word' id='word_1_177' title='bbox 1387 2547 1449 2608; x_wconf 91' lang='lat' dir='ltr'>Lo·</span> <span class='ocrx_word' id='word_1_178' title='bbox 1512 2536 1515 2540; x_wconf 66' lang='grc'><strong>’</strong></span> 
     </span>
     <span class='ocr_line' id='line_1_23' title="bbox 321 2643 1450 2724; baseline 0 -20"><span class='ocrx_word' id='word_1_179' title='bbox 321 2643 439 2720; x_wconf 90' lang='lat' dir='ltr'>chium,</span> <span class='ocrx_word' id='word_1_180' title='bbox 460 2644 594 2706; x_wconf 77' lang='lat' dir='ltr'>mimicae</span> <span class='ocrx_word' id='word_1_181' title='bbox 617 2663 718 2706; x_wconf 81' lang='lat' dir='ltr'>scenae</span> <span class='ocrx_word' id='word_1_182' title='bbox 740 2645 948 2718; x_wconf 92' lang='lat' dir='ltr'>conditorem,</span> <span class='ocrx_word' id='word_1_183' title='bbox 969 2652 1001 2706; x_wconf 94' lang='lat' dir='ltr'>et</span> <span class='ocrx_word' id='word_1_184' title='bbox 1021 2645 1201 2724; x_wconf 77' lang='lat' dir='ltr'>astrologia</span> <span class='ocrx_word' id='word_1_185' title='bbox 1227 2645 1450 2706; x_wconf 93' lang='lat' dir='ltr'>consobrinum</span> 
     </span>
     <span class='ocr_line' id='line_1_24' title="bbox 320 2741 1451 2822; baseline 0 -20"><span class='ocrx_word' id='word_1_186' title='bbox 320 2741 390 2820; x_wconf 89' lang='lat' dir='ltr'>ejus</span> <span class='ocrx_word' id='word_1_187' title='bbox 414 2742 575 2803; x_wconf 88' lang='lat' dir='ltr'>Manilium</span> <span class='ocrx_word' id='word_1_188' title='bbox 596 2743 805 2820; x_wconf 87' lang='lat' dir='ltr'>Antiochum,</span> <span class='ocrx_word' id='word_1_189' title='bbox 827 2742 903 2804; x_wconf 89' lang='lat' dir='ltr'>item</span> <span class='ocrx_word' id='word_1_190' title='bbox 927 2743 1143 2822; x_wconf 77' lang='lat' dir='ltr'>grammatica</span> <span class='ocrx_word' id='word_1_191' title='bbox 1168 2743 1347 2805; x_wconf 90' lang='lat' dir='ltr'>Staberium</span> <span class='ocrx_word' id='word_1_192' title='bbox 1372 2743 1451 2803; x_wconf 83' lang='lat' dir='ltr'>Ero-</span> 
     </span>
     <span class='ocr_line' id='line_1_25' title="bbox 324 2839 1450 2921; baseline 0 -21"><span class='ocrx_word' id='word_1_193' title='bbox 324 2845 387 2900; x_wconf 86' lang='lat' dir='ltr'>tem</span> <span class='ocrx_word' id='word_1_194' title='bbox 398 2839 420 2900; x_wconf 58' lang='grc' dir='ltr'>θ.</span> <span class='ocrx_word' id='word_1_195' title='bbox 440 2863 455 2896; x_wconf 89' lang='grc'>»</span> <span class='ocrx_word' id='word_1_196' title='bbox 473 2840 534 2901; x_wconf 91' lang='lat' dir='ltr'>Sed</span> <span class='ocrx_word' id='word_1_197' title='bbox 548 2841 694 2902; x_wconf 91' lang='lat' dir='ltr'>conditor</span> <span class='ocrx_word' id='word_1_198' title='bbox 710 2839 762 2902; x_wconf 88' lang='lat' dir='ltr'>ille</span> <span class='ocrx_word' id='word_1_199' title='bbox 780 2840 960 2921; x_wconf 70' lang='lat' dir='ltr'>astrologia</span> <span class='ocrx_word' id='word_1_200' title='bbox 973 2841 1129 2915; x_wconf 89' lang='lat' dir='ltr'>Manilius,</span> <span class='ocrx_word' id='word_1_201' title='bbox 1146 2840 1207 2902; x_wconf 93' lang='lat' dir='ltr'>hoc</span> <span class='ocrx_word' id='word_1_202' title='bbox 1225 2841 1317 2902; x_wconf 90' lang='lat' dir='ltr'>titulo</span> <span class='ocrx_word' id='word_1_203' title='bbox 1333 2839 1450 2917; x_wconf 84' lang='lat' dir='ltr'>dignis·</span> 
     </span>
     <span class='ocr_line' id='line_1_26' title="bbox 321 2936 1450 3018; baseline 0.001 -21"><span class='ocrx_word' id='word_1_204' title='bbox 321 2936 420 2997; x_wconf 89' lang='lat' dir='ltr'>simus</span> <span class='ocrx_word' id='word_1_205' title='bbox 441 2937 491 2998; x_wconf 91' lang='lat' dir='ltr'>cui</span> <span class='ocrx_word' id='word_1_206' title='bbox 510 2945 653 3000; x_wconf 91' lang='lat' dir='ltr'>nostrum</span> <span class='ocrx_word' id='word_1_207' title='bbox 674 2958 788 3018; x_wconf 90' lang='lat' dir='ltr'>poema</span> <span class='ocrx_word' id='word_1_208' title='bbox 808 2939 970 3011; x_wconf 77' lang='lat' dir='ltr'>reddatur,</span> <span class='ocrx_word' id='word_1_209' title='bbox 992 2939 1115 3001; x_wconf 92' lang='lat' dir='ltr'>ratione</span> <span class='ocrx_word' id='word_1_210' title='bbox 1137 2945 1318 3017; x_wconf 88' lang='lat' dir='ltr'>temporum</span> <span class='ocrx_word' id='word_1_211' title='bbox 1342 2938 1450 3000; x_wconf 88' lang='lat' dir='ltr'>exclu-</span> 
     </span>
     <span class='ocr_line' id='line_1_27' title="bbox 322 3034 1449 3117; baseline 0.002 -23"><span class='ocrx_word' id='word_1_212' title='bbox 322 3034 418 3108; x_wconf 89' lang='lat' dir='ltr'>ditur,</span> <span class='ocrx_word' id='word_1_213' title='bbox 435 3054 506 3096; x_wconf 92' lang='lat' dir='ltr'>eum</span> <span class='ocrx_word' id='word_1_214' title='bbox 522 3036 653 3116; x_wconf 86' lang='lat' dir='ltr'>aequalis</span> <span class='ocrx_word' id='word_1_215' title='bbox 666 3037 733 3116; x_wconf 85' lang='lat' dir='ltr'>ejus</span> <span class='ocrx_word' id='word_1_216' title='bbox 747 3036 912 3113; x_wconf 81' lang='lat' dir='ltr'>Publilius,</span> <span class='ocrx_word' id='word_1_217' title='bbox 926 3056 1063 3117; x_wconf 91' lang='lat' dir='ltr'>quocum</span> <span class='ocrx_word' id='word_1_218' title='bbox 1079 3038 1212 3098; x_wconf 84' lang='lat' dir='ltr'>Romam</span> <span class='ocrx_word' id='word_1_219' title='bbox 1226 3036 1376 3097; x_wconf 91' lang='lat' dir='ltr'>advectus</span> <span class='ocrx_word' id='word_1_220' title='bbox 1390 3040 1449 3109; x_wconf 90' lang='lat' dir='ltr'>est,</span> 
     </span>
     <span class='ocr_line' id='line_1_28' title="bbox 321 3133 1450 3214; baseline 0 -22"><span class='ocrx_word' id='word_1_221' title='bbox 321 3137 438 3212; x_wconf 90' lang='lat' dir='ltr'>quarto</span> <span class='ocrx_word' id='word_1_222' title='bbox 464 3138 537 3193; x_wconf 91' lang='lat' dir='ltr'>ante</span> <span class='ocrx_word' id='word_1_223' title='bbox 561 3134 692 3195; x_wconf 85' lang='lat' dir='ltr'>Caesaris</span> <span class='ocrx_word' id='word_1_224' title='bbox 716 3154 826 3196; x_wconf 89' lang='lat' dir='ltr'>necem</span> <span class='ocrx_word' id='word_1_225' title='bbox 850 3154 933 3197; x_wconf 93' lang='lat' dir='ltr'>anno</span> <span class='ocrx_word' id='word_1_226' title='bbox 958 3155 1022 3197; x_wconf 94' lang='lat' dir='ltr'>non</span> <span class='ocrx_word' id='word_1_227' title='bbox 1046 3135 1090 3196; x_wconf 89' lang='lat' dir='ltr'>ita</span> <span class='ocrx_word' id='word_1_228' title='bbox 1112 3133 1239 3214; x_wconf 88' lang='lat' dir='ltr'>juvenis</span> <span class='ocrx_word' id='word_1_229' title='bbox 1264 3133 1394 3207; x_wconf 90' lang='lat' dir='ltr'>obierit,</span> <span class='ocrx_word' id='word_1_230' title='bbox 1417 3133 1450 3193; x_wconf 94' lang='lat' dir='ltr'>in</span> 
     </span>
     <span class='ocr_line' id='line_1_29' title="bbox 322 3231 1387 3311; baseline -0.002 -19"><span class='ocrx_word' id='word_1_231' title='bbox 322 3236 470 3310; x_wconf 89' lang='lat' dir='ltr'>poemate</span> <span class='ocrx_word' id='word_1_232' title='bbox 483 3251 556 3293; x_wconf 89' lang='lat' dir='ltr'>vero</span> <span class='ocrx_word' id='word_1_233' title='bbox 572 3237 604 3293; x_wconf 91' lang='lat' dir='ltr'>et</span> <span class='ocrx_word' id='word_1_234' title='bbox 618 3232 762 3295; x_wconf 85' lang='lat' dir='ltr'>Varianae</span> <span class='ocrx_word' id='word_1_235' title='bbox 777 3233 877 3295; x_wconf 90' lang='lat' dir='ltr'>cladis</span> <span class='ocrx_word' id='word_1_236' title='bbox 891 3240 922 3295; x_wconf 91' lang='lat' dir='ltr'>et</span> <span class='ocrx_word' id='word_1_237' title='bbox 937 3233 1053 3294; x_wconf 88' lang='lat' dir='ltr'>Tiberii</span> <span class='ocrx_word' id='word_1_238' title='bbox 1066 3232 1185 3294; x_wconf 91' lang='lat' dir='ltr'>mentio</span> <span class='ocrx_word' id='word_1_239' title='bbox 1201 3231 1387 3311; x_wconf 87' lang='lat' dir='ltr'>reperiatur.</span> 
     </span>
    </p>

    <p class='ocr_par' dir='ltr' id='par_1_4' title="bbox 362 3329 1451 3411">
     <span class='ocr_line' id='line_1_30' title="bbox 362 3329 1451 3411; baseline -0.001 -21"><span class='ocrx_word' id='word_1_240' title='bbox 362 3330 406 3390; x_wconf 91' lang='lat' dir='ltr'>Ac</span> <span class='ocrx_word' id='word_1_241' title='bbox 424 3348 463 3391; x_wconf 89' lang='lat' dir='ltr'>ne</span> <span class='ocrx_word' id='word_1_242' title='bbox 479 3329 512 3391; x_wconf 92' lang='lat' dir='ltr'>id</span> <span class='ocrx_word' id='word_1_243' title='bbox 526 3331 653 3411; x_wconf 88' lang='lat' dir='ltr'>quidem</span> <span class='ocrx_word' id='word_1_244' title='bbox 674 3331 750 3394; x_wconf 89' lang='lat' dir='ltr'>satis</span> <span class='ocrx_word' id='word_1_245' title='bbox 765 3337 900 3405; x_wconf 93' lang='lat' dir='ltr'>constat,</span> <span class='ocrx_word' id='word_1_246' title='bbox 917 3331 956 3394; x_wconf 89' lang='lat' dir='ltr'>de</span> <span class='ocrx_word' id='word_1_247' title='bbox 975 3331 1031 3393; x_wconf 93' lang='lat' dir='ltr'>illo</span> <span class='ocrx_word' id='word_1_248' title='bbox 1047 3350 1141 3411; x_wconf 84' lang='lat' dir='ltr'>quem</span> <span class='ocrx_word' id='word_1_249' title='bbox 1162 3330 1334 3408; x_wconf 83' lang='lat' dir='ltr'>quaerimus</span> <span class='ocrx_word' id='word_1_250' title='bbox 1355 3335 1451 3409; x_wconf 91' lang='lat' dir='ltr'>poeta</span> 
     </span>
    </p>
   </div>
   <div class='ocr_carea' id='block_1_3' title="bbox 321 3426 1451 3608">
    <p class='ocr_par' dir='ltr' id='par_1_5' title="bbox 321 3426 1451 3608">
     <span class='ocr_line' id='line_1_31' title="bbox 321 3426 1451 3509; baseline 0 -21"><span class='ocrx_word' id='word_1_251' title='bbox 321 3426 508 3488; x_wconf 82' lang='lat' dir='ltr'>Gerbertum</span> <span class='ocrx_word' id='word_1_252' title='bbox 519 3429 754 3509; x_wconf 87' lang='lat' dir='ltr'>scripisse,cum</span> <span class='ocrx_word' id='word_1_253' title='bbox 767 3431 944 3492; x_wconf 91' lang='lat' dir='ltr'>nesciamus</span> <span class='ocrx_word' id='word_1_254' title='bbox 960 3435 1066 3491; x_wconf 93' lang='lat' dir='ltr'>utrum</span> <span class='ocrx_word' id='word_1_255' title='bbox 1079 3428 1178 3490; x_wconf 91' lang='lat' dir='ltr'>libros</span> <span class='ocrx_word' id='word_1_256' title='bbox 1188 3428 1293 3490; x_wconf 90' lang='lat' dir='ltr'>soluta</span> <span class='ocrx_word' id='word_1_257' title='bbox 1307 3426 1451 3488; x_wconf 90' lang='lat' dir='ltr'>oratione</span> 
     </span>
     <span class='ocr_line' id='line_1_32' title="bbox 322 3523 1382 3608; baseline 0.001 -24"><span class='ocrx_word' id='word_1_258' title='bbox 322 3523 469 3605; x_wconf 91' lang='lat' dir='ltr'>scriptos,</span> <span class='ocrx_word' id='word_1_259' title='bbox 487 3543 528 3586; x_wconf 88' lang='lat' dir='ltr'>an</span> <span class='ocrx_word' id='word_1_260' title='bbox 548 3527 686 3588; x_wconf 90' lang='lat' dir='ltr'>numeris</span> <span class='ocrx_word' id='word_1_261' title='bbox 705 3534 736 3588; x_wconf 87' lang='lat' dir='ltr'>et</span> <span class='ocrx_word' id='word_1_262' title='bbox 755 3528 888 3608; x_wconf 90' lang='lat' dir='ltr'>pedihus</span> <span class='ocrx_word' id='word_1_263' title='bbox 903 3527 1026 3588; x_wconf 88' lang='lat' dir='ltr'>vinctos</span> <span class='ocrx_word' id='word_1_264' title='bbox 1040 3526 1219 3605; x_wconf 84' lang='lat' dir='ltr'>significare</span> <span class='ocrx_word' id='word_1_265' title='bbox 1233 3525 1382 3588; x_wconf 84' lang='lat' dir='ltr'>voluerit.</span> 
     </span>
    </p>
   </div>
   <div class='ocr_carea' id='block_1_4' title="bbox 306 3683 1451 4388">
    <p class='ocr_par' dir='ltr' id='par_1_6' title="bbox 322 3683 1451 3891">
     <span class='ocr_line' id='line_1_33' title="bbox 355 3683 1451 3751; baseline 0 -20"><span class='ocrx_word' id='word_1_266' title='bbox 355 3686 378 3731; x_wconf 88' lang='lat' dir='ltr'>l.</span> <span class='ocrx_word' id='word_1_267' title='bbox 394 3684 516 3747; x_wconf 87' lang='lat' dir='ltr'>Bentley,</span> <span class='ocrx_word' id='word_1_268' title='bbox 530 3685 636 3735; x_wconf 83' lang='lat' dir='ltr'>Manilii</span> <span class='ocrx_word' id='word_1_269' title='bbox 649 3687 847 3737; x_wconf 80' lang='lat' dir='ltr'>Astronomicon</span> <span class='ocrx_word' id='word_1_270' title='bbox 860 3688 879 3737; x_wconf 88' lang='lat' dir='ltr'>l.</span> <span class='ocrx_word' id='word_1_271' title='bbox 897 3686 937 3748; x_wconf 80' lang='lat' dir='ltr'>V,</span> <span class='ocrx_word' id='word_1_272' title='bbox 953 3687 1023 3745; x_wconf 71' lang='lat'>1739,</span> <span class='ocrx_word' id='word_1_273' title='bbox 1038 3686 1130 3750; x_wconf 70' lang='lat' dir='ltr'>Pras,</span> <span class='ocrx_word' id='word_1_274' title='bbox 1142 3701 1170 3751; x_wconf 89' lang='lat' dir='ltr'>p.</span> <span class='ocrx_word' id='word_1_275' title='bbox 1185 3700 1226 3746; x_wconf 79' lang='lat'>¹13</span> <span class='ocrx_word' id='word_1_276' title='bbox 1242 3685 1271 3735; x_wconf 89' lang='lat' dir='ltr'>G.</span> <span class='ocrx_word' id='word_1_277' title='bbox 1283 3685 1314 3733; x_wconf 85' lang='lat' dir='ltr'>G.</span> <span class='ocrx_word' id='word_1_278' title='bbox 1329 3683 1451 3744; x_wconf 82' lang='lat' dir='ltr'>Vossius,</span> 
     </span>
     <span class='ocr_line' id='line_1_34' title="bbox 322 3754 1450 3822; baseline 0 -19"><span class='ocrx_word' id='word_1_279' title='bbox 322 3754 359 3803; x_wconf 88' lang='lat' dir='ltr'>De</span> <span class='ocrx_word' id='word_1_280' title='bbox 382 3755 466 3804; x_wconf 83' lang='lat' dir='ltr'>Poetis</span> <span class='ocrx_word' id='word_1_281' title='bbox 487 3755 596 3819; x_wconf 82' lang='lat' dir='ltr'>Latinis,</span> <span class='ocrx_word' id='word_1_282' title='bbox 614 3772 671 3822; x_wconf 87' lang='lat' dir='ltr'>cap.</span> <span class='ocrx_word' id='word_1_283' title='bbox 690 3758 713 3806; x_wconf 94' lang='lat'>11</span> <span class='ocrx_word' id='word_1_284' title='bbox 732 3757 827 3822; x_wconf 85' lang='lat' dir='ltr'>(Opera</span> <span class='ocrx_word' id='word_1_285' title='bbox 848 3758 946 3820; x_wconf 86' lang='lat' dir='ltr'>omnia,</span> <span class='ocrx_word' id='word_1_286' title='bbox 970 3759 1110 3816; x_wconf 68' lang='lat' dir='ltr'>idib-ltili,</span> <span class='ocrx_word' id='word_1_287' title='bbox 1131 3757 1226 3818; x_wconf 87' lang='lat' dir='ltr'>in·iol.,</span> <span class='ocrx_word' id='word_1_288' title='bbox 1245 3754 1450 3815; x_wconf 68' lang='lat' dir='ltr'>amstelodami,</span> 
     </span>
     <span class='ocr_line' id='line_1_35' title="bbox 322 3825 576 3891; baseline 0.008 -16"><span class='ocrx_word' id='word_1_289' title='bbox 322 3827 342 3877; x_wconf 88' lang='lat' dir='ltr'>t.</span> <span class='ocrx_word' id='word_1_290' title='bbox 358 3825 402 3888; x_wconf 95' lang='lat' dir='ltr'>lll,</span> <span class='ocrx_word' id='word_1_291' title='bbox 416 3840 442 3888; x_wconf 94' lang='lat' dir='ltr'>p.</span> <span class='ocrx_word' id='word_1_292' title='bbox 458 3827 576 3891; x_wconf 72' lang='lat' dir='ltr'>att-²42).</span> 
     </span>
    </p>

    <p class='ocr_par' dir='ltr' id='par_1_7' title="bbox 354 3897 1349 3962">
     <span class='ocr_line' id='line_1_36' title="bbox 354 3897 1349 3962; baseline 0.003 -17"><span class='ocrx_word' id='word_1_293' title='bbox 354 3898 378 3947; x_wconf 79' lang='lat'>2.</span> <span class='ocrx_word' id='word_1_294' title='bbox 395 3897 566 3960; x_wconf 85' lang='lat' dir='ltr'>Claudianus,</span> <span class='ocrx_word' id='word_1_295' title='bbox 582 3898 613 3947; x_wconf 86' lang='lat' dir='ltr'>ln</span> <span class='ocrx_word' id='word_1_296' title='bbox 630 3899 669 3948; x_wconf 85' lang='lat' dir='ltr'>Fl.</span> <span class='ocrx_word' id='word_1_297' title='bbox 685 3900 771 3950; x_wconf 82' lang='lat' dir='ltr'>Meliti</span> <span class='ocrx_word' id='word_1_298' title='bbox 789 3899 914 3950; x_wconf 81' lang='lat' dir='ltr'>Theodori</span> <span class='ocrx_word' id='word_1_299' title='bbox 928 3899 1098 3958; x_wconf 75' lang='lat' dir='ltr'>consulatum,</span> <span class='ocrx_word' id='word_1_300' title='bbox 1114 3900 1143 3950; x_wconf 87' lang='grc'>63</span> <span class='ocrx_word' id='word_1_301' title='bbox 1156 3912 1227 3962; x_wconf 77' lang='lat' dir='ltr'>sqq,</span> <span class='ocrx_word' id='word_1_302' title='bbox 1244 3899 1274 3947; x_wconf 83' lang='lat'>96</span> <span class='ocrx_word' id='word_1_303' title='bbox 1289 3910 1349 3960; x_wconf 85' lang='lat' dir='ltr'>sqq.</span> 
     </span>
    </p>

    <p class='ocr_par' dir='ltr' id='par_1_8' title="bbox 353 3967 1403 4033">
     <span class='ocr_line' id='line_1_37' title="bbox 353 3967 1403 4033; baseline -0.003 -14"><span class='ocrx_word' id='word_1_304' title='bbox 353 3971 377 4019; x_wconf 80' lang='grc'>3.</span> <span class='ocrx_word' id='word_1_305' title='bbox 393 3969 488 4018; x_wconf 89' lang='lat' dir='ltr'>Petrus</span> <span class='ocrx_word' id='word_1_306' title='bbox 503 3970 629 4028; x_wconf 87' lang='lat' dir='ltr'>Crinitus,</span> <span class='ocrx_word' id='word_1_307' title='bbox 644 3972 682 4021; x_wconf 87' lang='lat' dir='ltr'>De</span> <span class='ocrx_word' id='word_1_308' title='bbox 697 3973 782 4022; x_wconf 83' lang='lat' dir='ltr'>Poetis</span> <span class='ocrx_word' id='word_1_309' title='bbox 798 3971 897 4030; x_wconf 79' lang='lat' dir='ltr'>latinis,</span> <span class='ocrx_word' id='word_1_310' title='bbox 910 3972 962 4033; x_wconf 88' lang='lat' dir='ltr'>XL,</span> <span class='ocrx_word' id='word_1_311' title='bbox 974 3975 1001 4031; x_wconf 82' lang='lat'>13</span> <span class='ocrx_word' id='word_1_312' title='bbox 1017 3970 1101 4020; x_wconf 75' lang='lat' dir='ltr'>Aldus</span> <span class='ocrx_word' id='word_1_313' title='bbox 1115 3971 1261 4031; x_wconf 90' lang='lat' dir='ltr'>Manutius,</span> <span class='ocrx_word' id='word_1_314' title='bbox 1272 3968 1316 4018; x_wconf 88' lang='lat' dir='ltr'>ed.</span> <span class='ocrx_word' id='word_1_315' title='bbox 1333 3967 1403 4017; x_wconf 72' lang='lat'>1⁴99.</span> 
     </span>
    </p>

    <p class='ocr_par' dir='ltr' id='par_1_9' title="bbox 306 4038 1450 4245">
     <span class='ocr_line' id='line_1_38' title="bbox 306 4038 1450 4104; baseline 0 -16"><span class='ocrx_word' id='word_1_316' title='bbox 306 4095 309 4104; x_wconf 34' lang='grc' dir='ltr'>Ι</span> <span class='ocrx_word' id='word_1_317' title='bbox 353 4039 377 4088; x_wconf 83' lang='lat' dir='ltr'>l.</span> <span class='ocrx_word' id='word_1_318' title='bbox 389 4039 468 4101; x_wconf 81' lang='lat' dir='ltr'>Prin,</span> <span class='ocrx_word' id='word_1_319' title='bbox 481 4041 547 4092; x_wconf 86' lang='lat' dir='ltr'>Hist.</span> <span class='ocrx_word' id='word_1_320' title='bbox 562 4044 628 4100; x_wconf 78' lang='lat' dir='ltr'>aut..</span> <span class='ocrx_word' id='word_1_321' title='bbox 648 4044 757 4104; x_wconf 83' lang='lat' dir='ltr'>XXXVI,</span> <span class='ocrx_word' id='word_1_322' title='bbox 773 4045 812 4102; x_wconf 81' lang='lat' dir='ltr'>to,</span> <span class='ocrx_word' id='word_1_323' title='bbox 827 4043 866 4092; x_wconf 81' lang='lat'>15.</span> <span class='ocrx_word' id='word_1_324' title='bbox 883 4043 967 4092; x_wconf 89' lang='lat' dir='ltr'>Nemo</span> <span class='ocrx_word' id='word_1_325' title='bbox 982 4055 1056 4091; x_wconf 93' lang='lat' dir='ltr'>nunc</span> <span class='ocrx_word' id='word_1_326' title='bbox 1069 4045 1189 4092; x_wconf 83' lang='lat' dir='ltr'>veterem</span> <span class='ocrx_word' id='word_1_327' title='bbox 1203 4041 1349 4090; x_wconf 90' lang='lat' dir='ltr'>lectionem</span> <span class='ocrx_word' id='word_1_328' title='bbox 1364 4038 1450 4088; x_wconf 84' lang='lat' dir='ltr'>Mani-</span> 
     </span>
     <span class='ocr_line' id='line_1_39' title="bbox 317 4109 1450 4176; baseline 0.001 -18"><span class='ocrx_word' id='word_1_329' title='bbox 317 4109 388 4168; x_wconf 76' lang='lat' dir='ltr'>lium</span> <span class='ocrx_word' id='word_1_330' title='bbox 399 4113 499 4161; x_wconf 89' lang='lat' dir='ltr'>tuctur.</span> <span class='ocrx_word' id='word_1_331' title='bbox 509 4112 620 4163; x_wconf 87' lang='lat' dir='ltr'>Codices</span> <span class='ocrx_word' id='word_1_332' title='bbox 631 4115 704 4164; x_wconf 87' lang='lat' dir='ltr'>enim</span> <span class='ocrx_word' id='word_1_333' title='bbox 714 4114 759 4164; x_wconf 90' lang='lat' dir='ltr'>hic</span> <span class='ocrx_word' id='word_1_334' title='bbox 770 4113 888 4176; x_wconf 74' lang='lat' dir='ltr'>facundo</span> <span class='ocrx_word' id='word_1_335' title='bbox 898 4117 945 4163; x_wconf 86' lang='lat' dir='ltr'>aut</span> <span class='ocrx_word' id='word_1_336' title='bbox 954 4112 1063 4176; x_wconf 79' lang='lat' dir='ltr'>secundi</span> <span class='ocrx_word' id='word_1_337' title='bbox 1072 4113 1184 4174; x_wconf 88' lang='lat' dir='ltr'>habent,</span> <span class='ocrx_word' id='word_1_338' title='bbox 1197 4111 1269 4162; x_wconf 88' lang='lat' dir='ltr'>unde</span> <span class='ocrx_word' id='word_1_339' title='bbox 1278 4123 1450 4175; x_wconf 84' lang='lat' dir='ltr'>nequaquam</span> 
     </span>
     <span class='ocr_line' id='line_1_40' title="bbox 322 4180 686 4245; baseline 0.014 -16"><span class='ocrx_word' id='word_1_340' title='bbox 322 4180 452 4231; x_wconf 85' lang='lat' dir='ltr'>Manilius</span> <span class='ocrx_word' id='word_1_341' title='bbox 467 4187 556 4245; x_wconf 86' lang='lat' dir='ltr'>potest</span> <span class='ocrx_word' id='word_1_342' title='bbox 571 4184 686 4234; x_wconf 88' lang='lat' dir='ltr'>extrahi.</span> 
     </span>
    </p>

    <p class='ocr_par' dir='ltr' id='par_1_10' title="bbox 353 4252 616 4316">
     <span class='ocr_line' id='line_1_41' title="bbox 353 4252 616 4316; baseline 0.011 -15"><span class='ocrx_word' id='word_1_343' title='bbox 353 4253 377 4301; x_wconf 81' lang='lat'>5.</span> <span class='ocrx_word' id='word_1_344' title='bbox 392 4252 444 4316; x_wconf 79' lang='lat' dir='ltr'>ld,</span> <span class='ocrx_word' id='word_1_345' title='bbox 459 4252 532 4314; x_wconf 76' lang='lat' dir='ltr'>ibid,</span> <span class='ocrx_word' id='word_1_346' title='bbox 548 4256 578 4316; x_wconf 93' lang='lat' dir='ltr'>X,</span> <span class='ocrx_word' id='word_1_347' title='bbox 593 4257 616 4303; x_wconf 82' lang='lat'>2.</span> 
     </span>
    </p>

    <p class='ocr_par' dir='ltr' id='par_1_11' title="bbox 353 4323 756 4388">
     <span class='ocr_line' id='line_1_42' title="bbox 353 4323 756 4388; baseline 0.005 -16"><span class='ocrx_word' id='word_1_348' title='bbox 353 4324 377 4374; x_wconf 84' lang='lat'>6.</span> <span class='ocrx_word' id='word_1_349' title='bbox 393 4323 443 4387; x_wconf 91' lang='lat' dir='ltr'>ld.,</span> <span class='ocrx_word' id='word_1_350' title='bbox 458 4323 531 4384; x_wconf 77' lang='lat' dir='ltr'>ibid..</span> <span class='ocrx_word' id='word_1_351' title='bbox 547 4325 648 4387; x_wconf 85' lang='lat' dir='ltr'>XXXV,</span> <span class='ocrx_word' id='word_1_352' title='bbox 662 4327 701 4388; x_wconf 77' lang='lat' dir='ltr'>lt,</span> <span class='ocrx_word' id='word_1_353' title='bbox 717 4326 756 4375; x_wconf 81' lang='lat' dir='ltr'>ta.</span> 
     </span>
    </p>
   </div>
   <div class='ocr_carea' id='block_1_5' title="bbox 0 0 1600 5125">
    <p class='ocr_par' dir='ltr' id='par_1_12' title="bbox 0 0 1600 5125">
     <span class='ocr_line' id='line_1_43' title="bbox 0 0 1600 5125; baseline 0 0"><span class='ocrx_word' id='word_1_354' title='bbox 0 0 1600 5125; x_wconf 95' lang='lat' dir='ltr'> </span> 
     </span>
    </p>
   </div>
  </div>
 </body>
</html>
