<?xml version="1.0" encoding="UTF-8"?>
<!DOCTYPE html PUBLIC "-//W3C//DTD XHTML 1.0 Transitional//EN"
    "http://www.w3.org/TR/xhtml1/DTD/xhtml1-transitional.dtd">
<html xmlns="http://www.w3.org/1999/xhtml" xml:lang="en" lang="en">
 <head>
  <title>
</title>
<meta http-equiv="Content-Type" content="text/html;charset=utf-8" />
  <meta name='ocr-system' content='tesseract 3.04.00' />
  <meta name='ocr-capabilities' content='ocr_page ocr_carea ocr_par ocr_line ocrx_word'/>
</head>
<body>
  <div class='ocr_page' id='page_1' title='image "./demaniliopoetae01lansgoog_0100.png"; bbox 0 0 3184 5125; ppageno 0'>
   <div class='ocr_carea' id='block_1_1' title="bbox 788 470 948 533">
    <p class='ocr_par' dir='ltr' id='par_1_1' title="bbox 788 470 948 533">
     <span class='ocr_line' id='line_1_1' title="bbox 788 470 948 533; baseline -0.013 -17"><span class='ocrx_word' id='word_1_1' title='bbox 788 470 948 533; x_wconf 70' lang='grc'><strong>..66-</strong></span> 
     </span>
    </p>
   </div>
   <div class='ocr_carea' id='block_1_2' title="bbox 227 599 1438 3721">
    <p class='ocr_par' dir='ltr' id='par_1_2' title="bbox 260 599 1438 2446">
     <span class='ocr_line' id='line_1_2' title="bbox 300 599 1434 685; baseline -0.003 -14"><span class='ocrx_word' id='word_1_2' title='bbox 300 599 452 685; x_wconf 83' lang='lat' dir='ltr'><strong>Tullium,</strong></span> <span class='ocrx_word' id='word_1_3' title='bbox 469 609 632 672; x_wconf 75' lang='lat' dir='ltr'><strong>Horatium</strong></span> <span class='ocrx_word' id='word_1_4' title='bbox 651 606 788 684; x_wconf 91' lang='lat' dir='ltr'><strong>Coclem,</strong></span> <span class='ocrx_word' id='word_1_5' title='bbox 806 605 949 678; x_wconf 88' lang='lat' dir='ltr'><strong>Mutium,</strong></span> <span class='ocrx_word' id='word_1_6' title='bbox 967 603 1091 680; x_wconf 83' lang='lat' dir='ltr'>Decios,</span> <span class='ocrx_word' id='word_1_7' title='bbox 1110 604 1255 678; x_wconf 78' lang='lat' dir='ltr'><strong>Brutum,</strong></span> <span class='ocrx_word' id='word_1_8' title='bbox 1278 605 1434 682; x_wconf 75' lang='lat' dir='ltr'><strong>Curtium,</strong></span> 
     </span>
     <span class='ocr_line' id='line_1_3' title="bbox 303 699 1433 785; baseline -0.005 -15"><span class='ocrx_word' id='word_1_9' title='bbox 303 709 492 784; x_wconf 81' lang='lat' dir='ltr'><strong>Fabricium,</strong></span> <span class='ocrx_word' id='word_1_10' title='bbox 509 708 721 780; x_wconf 82' lang='lat' dir='ltr'><strong>Tuberonem,</strong></span> <span class='ocrx_word' id='word_1_11' title='bbox 740 701 904 776; x_wconf 91' lang='lat' dir='ltr'><strong>Manlium,</strong></span> <span class='ocrx_word' id='word_1_12' title='bbox 921 701 1066 777; x_wconf 83' lang='lat' dir='ltr'><strong>Marium,</strong></span> <span class='ocrx_word' id='word_1_13' title='bbox 1087 699 1246 776; x_wconf 81' lang='lat' dir='ltr'><strong>Crassum,</strong></span> <span class='ocrx_word' id='word_1_14' title='bbox 1267 703 1433 785; x_wconf 87' lang='lat' dir='ltr'><strong>Catonem,</strong></span> 
     </span>
     <span class='ocr_line' id='line_1_4' title="bbox 304 798 1438 887; baseline -0.003 -20"><span class='ocrx_word' id='word_1_15' title='bbox 304 806 500 887; x_wconf 92' lang='lat' dir='ltr'><strong>Pompeium,</strong></span> <span class='ocrx_word' id='word_1_16' title='bbox 518 805 687 880; x_wconf 86' lang='lat' dir='ltr'><strong>Caesarem,</strong></span> <span class='ocrx_word' id='word_1_17' title='bbox 704 821 721 863; x_wconf 91' lang='lat' dir='ltr'><strong>e</strong></span> <span class='ocrx_word' id='word_1_18' title='bbox 737 799 836 862; x_wconf 80' lang='lat' dir='ltr'><strong>Graiis</strong></span> <span class='ocrx_word' id='word_1_19' title='bbox 850 817 926 860; x_wconf 90' lang='grc'><strong>1666</strong></span> <span class='ocrx_word' id='word_1_20' title='bbox 938 798 1143 878; x_wconf 76' lang='lat' dir='ltr'><strong>Asiaticisque</strong></span> <span class='ocrx_word' id='word_1_21' title='bbox 1158 799 1309 875; x_wconf 86' lang='lat' dir='ltr'><strong>Codrum,</strong></span> <span class='ocrx_word' id='word_1_22' title='bbox 1325 803 1438 864; x_wconf 90' lang='lat' dir='ltr'><strong>Socra·</strong></span> 
     </span>
     <span class='ocr_line' id='line_1_5' title="bbox 302 895 1436 980; baseline -0.003 -16"><span class='ocrx_word' id='word_1_23' title='bbox 302 908 381 978; x_wconf 80' lang='lat' dir='ltr'><strong>tem,</strong></span> <span class='ocrx_word' id='word_1_24' title='bbox 398 902 551 978; x_wconf 87' lang='lat' dir='ltr'><strong>Croesum,</strong></span> <span class='ocrx_word' id='word_1_25' title='bbox 569 901 687 963; x_wconf 85' lang='lat' dir='ltr'><strong>adnoto</strong></span> <span class='ocrx_word' id='word_1_26' title='bbox 707 917 770 959; x_wconf 91' lang='lat' dir='ltr'><strong>non</strong></span> <span class='ocrx_word' id='word_1_27' title='bbox 789 895 1436 980; x_wconf 74' lang='grc'><strong>666161166161661616116661661116111666</strong></span> 
     </span>
     <span class='ocr_line' id='line_1_6' title="bbox 301 993 1436 1078; baseline -0.002 -16"><span class='ocrx_word' id='word_1_28' title='bbox 301 1000 484 1063; x_wconf 81' lang='lat' dir='ltr'><strong>advocatos,</strong></span> <span class='ocrx_word' id='word_1_29' title='bbox 502 1002 642 1074; x_wconf 82' lang='lat' dir='ltr'><strong>Quorum</strong></span> <span class='ocrx_word' id='word_1_30' title='bbox 658 997 825 1078; x_wconf 91' lang='lat' dir='ltr'><strong>plerosque</strong></span> <span class='ocrx_word' id='word_1_31' title='bbox 840 1001 871 1055; x_wconf 88' lang='lat' dir='ltr'><strong>et</strong></span> <span class='ocrx_word' id='word_1_32' title='bbox 884 994 1009 1055; x_wconf 89' lang='lat' dir='ltr'><strong>Persius</strong></span> <span class='ocrx_word' id='word_1_33' title='bbox 1024 1013 1061 1055; x_wconf 90' lang='lat' dir='ltr'><strong>ac</strong></span> <span class='ocrx_word' id='word_1_34' title='bbox 1076 993 1249 1072; x_wconf 83' lang='grc'><strong>161666116,</strong></span> <span class='ocrx_word' id='word_1_35' title='bbox 1266 1002 1297 1057; x_wconf 91' lang='grc'><strong>61</strong></span> <span class='ocrx_word' id='word_1_36' title='bbox 1313 999 1436 1060; x_wconf 87' lang='lat' dir='ltr'><strong>Seneca</strong></span> 
     </span>
     <span class='ocr_line' id='line_1_7' title="bbox 304 1091 1436 1180; baseline -0.001 -22"><span class='ocrx_word' id='word_1_37' title='bbox 304 1098 524 1180; x_wconf 67' lang='lat' dir='ltr'><strong>philosophus</strong></span> <span class='ocrx_word' id='word_1_38' title='bbox 541 1115 613 1158; x_wconf 89' lang='lat' dir='ltr'><strong>cum</strong></span> <span class='ocrx_word' id='word_1_39' title='bbox 627 1096 790 1156; x_wconf 87' lang='lat' dir='ltr'><strong>rhetorum</strong></span> <span class='ocrx_word' id='word_1_40' title='bbox 805 1093 839 1152; x_wconf 89' lang='lat' dir='ltr'><strong>iu</strong></span> <span class='ocrx_word' id='word_1_41' title='bbox 854 1092 936 1153; x_wconf 92' lang='lat' dir='ltr'><strong>ludis</strong></span> <span class='ocrx_word' id='word_1_42' title='bbox 953 1091 1088 1152; x_wconf 89' lang='lat' dir='ltr'><strong>instituti</strong></span> <span class='ocrx_word' id='word_1_43' title='bbox 1102 1093 1242 1168; x_wconf 84' lang='lat' dir='ltr'><strong>fuissent,</strong></span> <span class='ocrx_word' id='word_1_44' title='bbox 1259 1093 1342 1156; x_wconf 89' lang='lat' dir='ltr'><strong>ciere</strong></span> <span class='ocrx_word' id='word_1_45' title='bbox 1357 1097 1436 1158; x_wconf 79' lang='grc'><strong>6616</strong></span> 
     </span>
     <span class='ocr_line' id='line_1_8' title="bbox 303 1190 1435 1276; baseline -0.003 -19"><span class='ocrx_word' id='word_1_46' title='bbox 303 1197 390 1275; x_wconf 86' lang='lat' dir='ltr'><strong>bant,</strong></span> <span class='ocrx_word' id='word_1_47' title='bbox 408 1195 530 1276; x_wconf 90' lang='lat' dir='ltr'><strong>quoties</strong></span> <span class='ocrx_word' id='word_1_48' title='bbox 549 1193 713 1275; x_wconf 76' lang='lat' dir='ltr'><strong>praesentis</strong></span> <span class='ocrx_word' id='word_1_49' title='bbox 732 1191 829 1253; x_wconf 87' lang='lat' dir='ltr'><strong>seculi</strong></span> <span class='ocrx_word' id='word_1_50' title='bbox 850 1190 937 1265; x_wconf 90' lang='lat' dir='ltr'><strong>vitia,</strong></span> <span class='ocrx_word' id='word_1_51' title='bbox 954 1190 1094 1269; x_wconf 83' lang='lat' dir='ltr'><strong>antiquae</strong></span> <span class='ocrx_word' id='word_1_52' title='bbox 1115 1191 1238 1253; x_wconf 88' lang='lat' dir='ltr'><strong>virtutis</strong></span> <span class='ocrx_word' id='word_1_53' title='bbox 1259 1193 1435 1271; x_wconf 82' lang='lat' dir='ltr'><strong>imaginem</strong></span> 
     </span>
     <span class='ocr_line' id='line_1_9' title="bbox 305 1288 1436 1373; baseline -0.002 -19"><span class='ocrx_word' id='word_1_54' title='bbox 305 1293 497 1368; x_wconf 90' lang='lat' dir='ltr'><strong>attollentes,</strong></span> <span class='ocrx_word' id='word_1_55' title='bbox 517 1291 735 1373; x_wconf 85' lang='lat' dir='ltr'><strong>increpabant.</strong></span> <span class='ocrx_word' id='word_1_56' title='bbox 757 1293 878 1351; x_wconf 91' lang='lat' dir='ltr'><strong>Horum</strong></span> <span class='ocrx_word' id='word_1_57' title='bbox 901 1288 1041 1369; x_wconf 92' lang='lat' dir='ltr'><strong>ipsorum</strong></span> <span class='ocrx_word' id='word_1_58' title='bbox 1061 1290 1191 1350; x_wconf 89' lang='lat' dir='ltr'><strong>nomina</strong></span> <span class='ocrx_word' id='word_1_59' title='bbox 1214 1291 1360 1352; x_wconf 87' lang='lat' dir='ltr'><strong>Manilius</strong></span> <span class='ocrx_word' id='word_1_60' title='bbox 1384 1293 1436 1354; x_wconf 92' lang='grc'><strong>161</strong></span> 
     </span>
     <span class='ocr_line' id='line_1_10' title="bbox 306 1379 1432 1470; baseline 0.002 -19"><span class='ocrx_word' id='word_1_61' title='bbox 306 1390 524 1454; x_wconf 82' lang='lat' dir='ltr'><strong>astronomicis</strong></span> <span class='ocrx_word' id='word_1_62' title='bbox 549 1390 599 1451; x_wconf 92' lang='lat' dir='ltr'><strong>vel</strong></span> <span class='ocrx_word' id='word_1_63' title='bbox 621 1379 849 1470; x_wconf 88' lang='lat' dir='ltr'><strong>philosophicis</strong></span> <span class='ocrx_word' id='word_1_64' title='bbox 870 1386 1045 1448; x_wconf 88' lang='lat' dir='ltr'><strong>rationibus</strong></span> <span class='ocrx_word' id='word_1_65' title='bbox 1069 1387 1228 1449; x_wconf 84' lang='lat' dir='ltr'><strong>luxuriose</strong></span> <span class='ocrx_word' id='word_1_66' title='bbox 1252 1388 1432 1453; x_wconf 85' lang='lat' dir='ltr'><strong>admiscuit.</strong></span> 
     </span>
     <span class='ocr_line' id='line_1_11' title="bbox 305 1485 1436 1553; baseline -0.001 -3"><span class='ocrx_word' id='word_1_67' title='bbox 305 1491 369 1550; x_wconf 89' lang='lat' dir='ltr'><strong>Hos</strong></span> <span class='ocrx_word' id='word_1_68' title='bbox 384 1489 485 1551; x_wconf 90' lang='lat' dir='ltr'><strong>lacteo</strong></span> <span class='ocrx_word' id='word_1_69' title='bbox 500 1489 532 1549; x_wconf 92' lang='lat' dir='ltr'><strong>in</strong></span> <span class='ocrx_word' id='word_1_70' title='bbox 548 1487 665 1548; x_wconf 89' lang='lat' dir='ltr'><strong>circulo</strong></span> <span class='ocrx_word' id='word_1_71' title='bbox 684 1485 782 1547; x_wconf 89' lang='lat' dir='ltr'><strong>stellis</strong></span> <span class='ocrx_word' id='word_1_72' title='bbox 801 1485 931 1546; x_wconf 90' lang='lat' dir='ltr'><strong>inseruit</strong></span> <span class='ocrx_word' id='word_1_73' title='bbox 947 1486 974 1553; x_wconf 76' lang='grc' dir='ltr'><strong>’ς</strong></span> <span class='ocrx_word' id='word_1_74' title='bbox 993 1485 1053 1547; x_wconf 89' lang='grc'><strong>1166</strong></span> <span class='ocrx_word' id='word_1_75' title='bbox 1072 1485 1113 1545; x_wconf 91' lang='lat' dir='ltr'><strong>ad</strong></span> <span class='ocrx_word' id='word_1_76' title='bbox 1131 1485 1359 1548; x_wconf 90' lang='lat' dir='ltr'><strong>declarandam</strong></span> <span class='ocrx_word' id='word_1_77' title='bbox 1375 1489 1436 1549; x_wconf 84' lang='lat' dir='ltr'><strong>for-</strong></span> 
     </span>
     <span class='ocr_line' id='line_1_12' title="bbox 306 1585 1435 1664; baseline 0.001 -18"><span class='ocrx_word' id='word_1_78' title='bbox 306 1591 391 1646; x_wconf 86' lang='lat' dir='ltr'><strong>tunae</strong></span> <span class='ocrx_word' id='word_1_79' title='bbox 415 1585 659 1647; x_wconf 88' lang='lat' dir='ltr'><strong>inconstantiam</strong></span> <span class='ocrx_word' id='word_1_80' title='bbox 684 1585 883 1663; x_wconf 86' lang='lat' dir='ltr'><strong>latorumque</strong></span> <span class='ocrx_word' id='word_1_81' title='bbox 905 1585 1120 1644; x_wconf 90' lang='lat' dir='ltr'><strong>necessitatem</strong></span> <span class='ocrx_word' id='word_1_82' title='bbox 1144 1585 1306 1664; x_wconf 88' lang='lat' dir='ltr'><strong>compellit</strong></span> <span class='ocrx_word' id='word_1_83' title='bbox 1325 1585 1353 1660; x_wconf 82' lang='lat'><strong>¹3</strong></span> <span class='ocrx_word' id='word_1_84' title='bbox 1376 1585 1435 1647; x_wconf 91' lang='lat' dir='ltr'><strong>hos</strong></span> 
     </span>
     <span class='ocr_line' id='line_1_13' title="bbox 307 1673 1434 1764; baseline 0.002 -21"><span class='ocrx_word' id='word_1_85' title='bbox 307 1683 507 1764; x_wconf 89' lang='lat' dir='ltr'><strong>propriarum</strong></span> <span class='ocrx_word' id='word_1_86' title='bbox 525 1673 676 1762; x_wconf 86' lang='lat' dir='ltr'><strong>cujusque</strong></span> <span class='ocrx_word' id='word_1_87' title='bbox 694 1682 769 1742; x_wconf 85' lang='lat' dir='ltr'><strong>astri</strong></span> <span class='ocrx_word' id='word_1_88' title='bbox 784 1681 935 1741; x_wconf 90' lang='lat' dir='ltr'><strong>virtutum</strong></span> <span class='ocrx_word' id='word_1_89' title='bbox 952 1688 1046 1742; x_wconf 90' lang='lat' dir='ltr'><strong>testes</strong></span> <span class='ocrx_word' id='word_1_90' title='bbox 1065 1687 1097 1742; x_wconf 92' lang='lat' dir='ltr'><strong>et</strong></span> <span class='ocrx_word' id='word_1_91' title='bbox 1111 1681 1257 1763; x_wconf 86' lang='lat' dir='ltr'><strong>exempla</strong></span> <span class='ocrx_word' id='word_1_92' title='bbox 1271 1684 1395 1762; x_wconf 85' lang='lat' dir='ltr'><strong>profert</strong></span> <span class='ocrx_word' id='word_1_93' title='bbox 1410 1685 1434 1746; x_wconf 81' lang='lat'><strong>³.</strong></span> 
     </span>
     <span class='ocr_line' id='line_1_14' title="bbox 302 1778 1435 1860; baseline 0.002 -20"><span class='ocrx_word' id='word_1_94' title='bbox 302 1781 367 1840; x_wconf 90' lang='lat' dir='ltr'><strong>Nec</strong></span> <span class='ocrx_word' id='word_1_95' title='bbox 382 1779 444 1841; x_wconf 92' lang='lat' dir='ltr'><strong>alio</strong></span> <span class='ocrx_word' id='word_1_96' title='bbox 459 1779 566 1854; x_wconf 91' lang='lat' dir='ltr'><strong>modo,</strong></span> <span class='ocrx_word' id='word_1_97' title='bbox 584 1779 686 1840; x_wconf 89' lang='lat' dir='ltr'><strong>aliove</strong></span> <span class='ocrx_word' id='word_1_98' title='bbox 700 1778 858 1840; x_wconf 89' lang='lat' dir='ltr'><strong>scribendi</strong></span> <span class='ocrx_word' id='word_1_99' title='bbox 873 1779 1006 1840; x_wconf 87' lang='lat' dir='ltr'><strong>artificio</strong></span> <span class='ocrx_word' id='word_1_100' title='bbox 1028 1785 1059 1841; x_wconf 97' lang='grc'><strong>61</strong></span> <span class='ocrx_word' id='word_1_101' title='bbox 1078 1781 1301 1842; x_wconf 90' lang='lat' dir='ltr'><strong>consuetudine</strong></span> <span class='ocrx_word' id='word_1_102' title='bbox 1323 1781 1435 1860; x_wconf 92' lang='lat' dir='ltr'><strong>magni</strong></span> 
     </span>
     <span class='ocr_line' id='line_1_15' title="bbox 306 1875 1434 1956; baseline 0.002 -18"><span class='ocrx_word' id='word_1_103' title='bbox 306 1877 434 1939; x_wconf 91' lang='grc'><strong>11111161</strong></span> <span class='ocrx_word' id='word_1_104' title='bbox 460 1896 479 1938; x_wconf 92' lang='grc'><strong>6</strong></span> <span class='ocrx_word' id='word_1_105' title='bbox 505 1875 684 1938; x_wconf 87' lang='lat' dir='ltr'><strong>rhetoribus</strong></span> <span class='ocrx_word' id='word_1_106' title='bbox 710 1882 741 1937; x_wconf 90' lang='grc'><strong>61</strong></span> <span class='ocrx_word' id='word_1_107' title='bbox 766 1895 785 1936; x_wconf 91' lang='grc'><strong>6</strong></span> <span class='ocrx_word' id='word_1_108' title='bbox 812 1876 939 1937; x_wconf 88' lang='grc' dir='ltr'><strong>Μ661116</strong></span> <span class='ocrx_word' id='word_1_109' title='bbox 967 1877 1000 1937; x_wconf 87' lang='grc'><strong>16</strong></span> <span class='ocrx_word' id='word_1_110' title='bbox 1028 1883 1288 1956; x_wconf 89' lang='lat' dir='ltr'><strong>argumentorum</strong></span> <span class='ocrx_word' id='word_1_111' title='bbox 1319 1881 1434 1942; x_wconf 88' lang='lat' dir='ltr'><strong>seriem</strong></span> 
     </span>
     <span class='ocr_line' id='line_1_16' title="bbox 260 1974 1434 2053; baseline 0 -13"><span class='ocrx_word' id='word_1_112' title='bbox 260 2037 261 2040; x_wconf 74' lang='grc'><strong>,</strong></span> <span class='ocrx_word' id='word_1_113' title='bbox 305 1975 520 2036; x_wconf 88' lang='lat' dir='ltr'><strong>immittuntur</strong></span> <span class='ocrx_word' id='word_1_114' title='bbox 542 1976 563 2035; x_wconf 76' lang='lat'><strong>⁸.</strong></span> <span class='ocrx_word' id='word_1_115' title='bbox 582 1975 715 2048; x_wconf 85' lang='lat' dir='ltr'><strong>Scilicet,</strong></span> <span class='ocrx_word' id='word_1_116' title='bbox 737 1979 772 2035; x_wconf 89' lang='lat' dir='ltr'><strong>ut</strong></span> <span class='ocrx_word' id='word_1_117' title='bbox 795 1974 919 2035; x_wconf 90' lang='lat' dir='ltr'><strong>dicendi</strong></span> <span class='ocrx_word' id='word_1_118' title='bbox 940 1975 1033 2053; x_wconf 92' lang='lat' dir='ltr'><strong>copia</strong></span> <span class='ocrx_word' id='word_1_119' title='bbox 1055 1981 1234 2053; x_wconf 90' lang='lat' dir='ltr'><strong>augeretur,</strong></span> <span class='ocrx_word' id='word_1_120' title='bbox 1254 1976 1434 2040; x_wconf 87' lang='lat' dir='ltr'><strong>adolescen-</strong></span> 
     </span>
     <span class='ocr_line' id='line_1_17' title="bbox 306 2072 1433 2155; baseline 0.004 -21"><span class='ocrx_word' id='word_1_121' title='bbox 306 2073 384 2134; x_wconf 87' lang='lat' dir='ltr'><strong>tium</strong></span> <span class='ocrx_word' id='word_1_122' title='bbox 401 2073 434 2133; x_wconf 90' lang='lat' dir='ltr'><strong>in</strong></span> <span class='ocrx_word' id='word_1_123' title='bbox 448 2072 564 2134; x_wconf 87' lang='lat' dir='ltr'><strong>scholis</strong></span> <span class='ocrx_word' id='word_1_124' title='bbox 578 2072 764 2134; x_wconf 88' lang='lat' dir='ltr'><strong>memoriam</strong></span> <span class='ocrx_word' id='word_1_125' title='bbox 780 2091 896 2152; x_wconf 90' lang='lat' dir='ltr'><strong>magno</strong></span> <span class='ocrx_word' id='word_1_126' title='bbox 912 2091 1016 2134; x_wconf 90' lang='lat' dir='ltr'><strong>rerum</strong></span> <span class='ocrx_word' id='word_1_127' title='bbox 1040 2092 1076 2134; x_wconf 94' lang='lat' dir='ltr'><strong>ac</strong></span> <span class='ocrx_word' id='word_1_128' title='bbox 1092 2074 1255 2135; x_wconf 90' lang='lat' dir='ltr'><strong>nominum</strong></span> <span class='ocrx_word' id='word_1_129' title='bbox 1275 2084 1433 2155; x_wconf 88' lang='lat' dir='ltr'><strong>proventu</strong></span> 
     </span>
     <span class='ocr_line' id='line_1_18' title="bbox 305 2169 1434 2251; baseline 0.004 -20"><span class='ocrx_word' id='word_1_130' title='bbox 305 2171 448 2249; x_wconf 81' lang='lat' dir='ltr'><strong>magistri</strong></span> <span class='ocrx_word' id='word_1_131' title='bbox 468 2170 698 2245; x_wconf 88' lang='lat' dir='ltr'><strong>distendebant,</strong></span> <span class='ocrx_word' id='word_1_132' title='bbox 721 2189 836 2251; x_wconf 91' lang='lat' dir='ltr'><strong>eosque</strong></span> <span class='ocrx_word' id='word_1_133' title='bbox 857 2169 982 2231; x_wconf 91' lang='lat' dir='ltr'><strong>assidua</strong></span> <span class='ocrx_word' id='word_1_134' title='bbox 1003 2172 1225 2232; x_wconf 87' lang='lat' dir='ltr'><strong>exercitatione</strong></span> <span class='ocrx_word' id='word_1_135' title='bbox 1247 2174 1434 2236; x_wconf 84' lang='lat' dir='ltr'><strong>assuefacie-</strong></span> 
     </span>
     <span class='ocr_line' id='line_1_19' title="bbox 303 2267 1434 2349; baseline 0.004 -20"><span class='ocrx_word' id='word_1_136' title='bbox 303 2268 393 2341; x_wconf 91' lang='lat' dir='ltr'><strong>bant,</strong></span> <span class='ocrx_word' id='word_1_137' title='bbox 410 2275 444 2329; x_wconf 84' lang='lat' dir='ltr'><strong>ut</strong></span> <span class='ocrx_word' id='word_1_138' title='bbox 467 2287 504 2328; x_wconf 95' lang='lat' dir='ltr'><strong>ea</strong></span> <span class='ocrx_word' id='word_1_139' title='bbox 524 2269 631 2329; x_wconf 91' lang='lat' dir='ltr'><strong>omnia</strong></span> <span class='ocrx_word' id='word_1_140' title='bbox 651 2269 683 2328; x_wconf 92' lang='grc'><strong>111</strong></span> <span class='ocrx_word' id='word_1_141' title='bbox 705 2275 856 2348; x_wconf 90' lang='lat' dir='ltr'><strong>promptu</strong></span> <span class='ocrx_word' id='word_1_142' title='bbox 879 2269 1017 2329; x_wconf 89' lang='lat' dir='ltr'><strong>dicentes</strong></span> <span class='ocrx_word' id='word_1_143' title='bbox 1035 2267 1200 2349; x_wconf 89' lang='lat' dir='ltr'><strong>haberent,</strong></span> <span class='ocrx_word' id='word_1_144' title='bbox 1217 2279 1249 2332; x_wconf 89' lang='lat' dir='ltr'><strong>et</strong></span> <span class='ocrx_word' id='word_1_145' title='bbox 1269 2271 1342 2332; x_wconf 90' lang='lat' dir='ltr'><strong>inde</strong></span> <span class='ocrx_word' id='word_1_146' title='bbox 1364 2292 1434 2334; x_wconf 91' lang='lat' dir='ltr'><strong>ora·</strong></span> 
     </span>
     <span class='ocr_line' id='line_1_20' title="bbox 304 2365 926 2446; baseline 0.005 -21"><span class='ocrx_word' id='word_1_147' title='bbox 304 2365 422 2440; x_wconf 89' lang='lat' dir='ltr'><strong>tionem</strong></span> <span class='ocrx_word' id='word_1_148' title='bbox 437 2365 586 2426; x_wconf 85' lang='lat' dir='ltr'><strong>inflarent</strong></span> <span class='ocrx_word' id='word_1_149' title='bbox 600 2371 694 2446; x_wconf 91' lang='lat' dir='ltr'><strong>atque</strong></span> <span class='ocrx_word' id='word_1_150' title='bbox 711 2367 926 2428; x_wconf 85' lang='lat' dir='ltr'><strong>extenderent.</strong></span> 
     </span>
    </p>

    <p class='ocr_par' dir='ltr' id='par_1_3' title="bbox 302 2462 1435 3524">
     <span class='ocr_line' id='line_1_21' title="bbox 344 2462 1434 2548; baseline 0.008 -26"><span class='ocrx_word' id='word_1_151' title='bbox 344 2465 405 2524; x_wconf 89' lang='lat' dir='ltr'><strong>Nec</strong></span> <span class='ocrx_word' id='word_1_152' title='bbox 429 2462 561 2523; x_wconf 88' lang='lat' dir='ltr'><strong>historia</strong></span> <span class='ocrx_word' id='word_1_153' title='bbox 583 2462 803 2525; x_wconf 88' lang='lat' dir='ltr'><strong>tantummodo</strong></span> <span class='ocrx_word' id='word_1_154' title='bbox 827 2469 895 2524; x_wconf 89' lang='lat' dir='ltr'><strong>tum</strong></span> <span class='ocrx_word' id='word_1_155' title='bbox 917 2463 1184 2526; x_wconf 88' lang='lat' dir='ltr'><strong>delectabantur:</strong></span> <span class='ocrx_word' id='word_1_156' title='bbox 1206 2467 1274 2546; x_wconf 88' lang='lat' dir='ltr'><strong>jam</strong></span> <span class='ocrx_word' id='word_1_157' title='bbox 1296 2487 1434 2548; x_wconf 87' lang='lat' dir='ltr'><strong>geogra-</strong></span> 
     </span>
     <span class='ocr_line' id='line_1_22' title="bbox 303 2561 1435 2647; baseline 0.005 -25"><span class='ocrx_word' id='word_1_158' title='bbox 303 2561 412 2645; x_wconf 92' lang='lat' dir='ltr'><strong>phiam</strong></span> <span class='ocrx_word' id='word_1_159' title='bbox 433 2580 559 2642; x_wconf 90' lang='lat' dir='ltr'><strong>quoque</strong></span> <span class='ocrx_word' id='word_1_160' title='bbox 574 2561 759 2624; x_wconf 87' lang='grc'><strong>1616661166</strong></span> <span class='ocrx_word' id='word_1_161' title='bbox 775 2582 874 2643; x_wconf 89' lang='lat' dir='ltr'><strong>parvo</strong></span> <span class='ocrx_word' id='word_1_162' title='bbox 892 2563 1170 2644; x_wconf 84' lang='lat' dir='ltr'><strong>persequebantur,</strong></span> <span class='ocrx_word' id='word_1_163' title='bbox 1187 2565 1321 2647; x_wconf 91' lang='lat' dir='ltr'><strong>ideoque</strong></span> <span class='ocrx_word' id='word_1_164' title='bbox 1340 2567 1435 2629; x_wconf 90' lang='lat' dir='ltr'><strong>multi</strong></span> 
     </span>
     <span class='ocr_line' id='line_1_23' title="bbox 304 2660 1433 2743; baseline 0.003 -20"><span class='ocrx_word' id='word_1_165' title='bbox 304 2660 472 2723; x_wconf 86' lang='lat' dir='ltr'><strong>recitantes</strong></span> <span class='ocrx_word' id='word_1_166' title='bbox 490 2660 690 2740; x_wconf 89' lang='lat' dir='ltr'><strong>studuerunt,</strong></span> <span class='ocrx_word' id='word_1_167' title='bbox 718 2668 750 2720; x_wconf 87' lang='lat' dir='ltr'><strong>ut</strong></span> <span class='ocrx_word' id='word_1_168' title='bbox 776 2679 872 2741; x_wconf 89' lang='lat' dir='ltr'><strong>quam</strong></span> <span class='ocrx_word' id='word_1_169' title='bbox 894 2660 1147 2722; x_wconf 85' lang='lat' dir='ltr'><strong>luculentissimis</strong></span> <span class='ocrx_word' id='word_1_170' title='bbox 1167 2664 1307 2742; x_wconf 88' lang='lat' dir='ltr'><strong>gentium</strong></span> <span class='ocrx_word' id='word_1_171' title='bbox 1329 2666 1433 2743; x_wconf 90' lang='lat' dir='ltr'><strong>regio-</strong></span> 
     </span>
     <span class='ocr_line' id='line_1_24' title="bbox 304 2757 1434 2841; baseline 0.005 -23"><span class='ocrx_word' id='word_1_172' title='bbox 304 2777 442 2836; x_wconf 90' lang='lat' dir='ltr'><strong>numque</strong></span> <span class='ocrx_word' id='word_1_173' title='bbox 463 2757 724 2836; x_wconf 89' lang='lat' dir='ltr'><strong>descriptionibus</strong></span> <span class='ocrx_word' id='word_1_174' title='bbox 738 2757 984 2819; x_wconf 89' lang='lat' dir='ltr'><strong>declamationes</strong></span> <span class='ocrx_word' id='word_1_175' title='bbox 1003 2758 1204 2821; x_wconf 88' lang='lat' dir='ltr'><strong>adornarent.</strong></span> <span class='ocrx_word' id='word_1_176' title='bbox 1221 2763 1264 2821; x_wconf 88' lang='lat' dir='ltr'><strong>Ac</strong></span> <span class='ocrx_word' id='word_1_177' title='bbox 1277 2781 1317 2822; x_wconf 92' lang='lat' dir='ltr'><strong>ne</strong></span> <span class='ocrx_word' id='word_1_178' title='bbox 1337 2761 1434 2841; x_wconf 86' lang='lat' dir='ltr'><strong>hujus</strong></span> 
     </span>
     <span class='ocr_line' id='line_1_25' title="bbox 305 2854 1434 2938; baseline 0.005 -23"><span class='ocrx_word' id='word_1_179' title='bbox 305 2854 432 2935; x_wconf 88' lang='lat' dir='ltr'><strong>quidem</strong></span> <span class='ocrx_word' id='word_1_180' title='bbox 456 2854 501 2914; x_wconf 92' lang='lat' dir='ltr'><strong>rei</strong></span> <span class='ocrx_word' id='word_1_181' title='bbox 525 2855 691 2931; x_wconf 85' lang='lat' dir='ltr'><strong>vestigium</strong></span> <span class='ocrx_word' id='word_1_182' title='bbox 713 2854 766 2914; x_wconf 92' lang='lat' dir='ltr'><strong>diu</strong></span> <span class='ocrx_word' id='word_1_183' title='bbox 794 2856 878 2934; x_wconf 92' lang='lat' dir='ltr'><strong>apud</strong></span> <span class='ocrx_word' id='word_1_184' title='bbox 903 2858 1053 2917; x_wconf 89' lang='lat' dir='ltr'><strong>Senecam</strong></span> <span class='ocrx_word' id='word_1_185' title='bbox 1078 2863 1201 2937; x_wconf 88' lang='lat' dir='ltr'><strong>patrem</strong></span> <span class='ocrx_word' id='word_1_186' title='bbox 1224 2861 1434 2938; x_wconf 85' lang='lat' dir='ltr'><strong>quaereudum</strong></span> 
     </span>
     <span class='ocr_line' id='line_1_26' title="bbox 305 2936 1433 3035; baseline 0.008 -24"><span class='ocrx_word' id='word_1_187' title='bbox 305 2951 374 3012; x_wconf 89' lang='lat' dir='ltr'><strong>erit.</strong></span> <span class='ocrx_word' id='word_1_188' title='bbox 391 2936 481 3023; x_wconf 76' lang='lat' dir='ltr'><strong>Nam,</strong></span> <span class='ocrx_word' id='word_1_189' title='bbox 497 2950 530 3010; x_wconf 92' lang='grc'><strong>111</strong></span> <span class='ocrx_word' id='word_1_190' title='bbox 546 2951 648 3031; x_wconf 89' lang='lat' dir='ltr'><strong>prima</strong></span> <span class='ocrx_word' id='word_1_191' title='bbox 669 2952 822 3025; x_wconf 89' lang='lat' dir='ltr'><strong>suasoria,</strong></span> <span class='ocrx_word' id='word_1_192' title='bbox 843 2952 876 3011; x_wconf 93' lang='lat' dir='ltr'><strong>in</strong></span> <span class='ocrx_word' id='word_1_193' title='bbox 895 2954 1036 3033; x_wconf 90' lang='lat' dir='ltr'><strong>amplum</strong></span> <span class='ocrx_word' id='word_1_194' title='bbox 1057 2956 1226 3035; x_wconf 88' lang='lat' dir='ltr'><strong>quemdam</strong></span> <span class='ocrx_word' id='word_1_195' title='bbox 1245 2957 1284 3017; x_wconf 91' lang='lat' dir='ltr'><strong>de</strong></span> <span class='ocrx_word' id='word_1_196' title='bbox 1305 2958 1433 3021; x_wconf 81' lang='lat' dir='ltr'><strong>Oceano</strong></span> 
     </span>
     <span class='ocr_line' id='line_1_27' title="bbox 303 3046 1433 3133; baseline 0.008 -24"><span class='ocrx_word' id='word_1_197' title='bbox 303 3048 410 3109; x_wconf 92' lang='lat' dir='ltr'><strong>locum</strong></span> <span class='ocrx_word' id='word_1_198' title='bbox 429 3046 607 3121; x_wconf 89' lang='lat' dir='ltr'><strong>incidimus,</strong></span> <span class='ocrx_word' id='word_1_199' title='bbox 631 3048 664 3108; x_wconf 91' lang='lat' dir='ltr'><strong>in</strong></span> <span class='ocrx_word' id='word_1_200' title='bbox 683 3066 758 3128; x_wconf 84' lang='lat' dir='ltr'><strong>quc,</strong></span> <span class='ocrx_word' id='word_1_201' title='bbox 777 3048 896 3126; x_wconf 90' lang='lat' dir='ltr'><strong>ingenii</strong></span> <span class='ocrx_word' id='word_1_202' title='bbox 914 3050 1067 3132; x_wconf 89' lang='lat' dir='ltr'><strong>impetum</strong></span> <span class='ocrx_word' id='word_1_203' title='bbox 1088 3072 1231 3133; x_wconf 87' lang='lat' dir='ltr'><strong>sequens,</strong></span> <span class='ocrx_word' id='word_1_204' title='bbox 1251 3056 1433 3118; x_wconf 87' lang='lat' dir='ltr'><strong>Americam</strong></span> 
     </span>
     <span class='ocr_line' id='line_1_28' title="bbox 302 3146 1432 3232; baseline 0.009 -26"><span class='ocrx_word' id='word_1_205' title='bbox 302 3146 405 3227; x_wconf 91' lang='lat' dir='ltr'><strong>ipsam</strong></span> <span class='ocrx_word' id='word_1_206' title='bbox 424 3146 623 3226; x_wconf 90' lang='lat' dir='ltr'><strong>praesensisse</strong></span> <span class='ocrx_word' id='word_1_207' title='bbox 647 3146 756 3207; x_wconf 89' lang='lat' dir='ltr'><strong>rhetor</strong></span> <span class='ocrx_word' id='word_1_208' title='bbox 774 3147 898 3209; x_wconf 90' lang='grc'><strong>11116166</strong></span> <span class='ocrx_word' id='word_1_209' title='bbox 923 3168 930 3209; x_wconf 92' lang='lat'>:</span> <span class='ocrx_word' id='word_1_210' title='bbox 955 3152 973 3205; x_wconf 76' lang='lat' dir='ltr'><strong>i&lt;</strong></span> <span class='ocrx_word' id='word_1_211' title='bbox 998 3150 1179 3232; x_wconf 91' lang='lat' dir='ltr'><strong>Cuiounque</strong></span> <span class='ocrx_word' id='word_1_212' title='bbox 1203 3153 1247 3213; x_wconf 93' lang='grc'><strong>661</strong></span> <span class='ocrx_word' id='word_1_213' title='bbox 1269 3155 1432 3232; x_wconf 89' lang='lat' dir='ltr'><strong>magnitu-</strong></span> 
     </span>
     <span class='ocr_line' id='line_1_29' title="bbox 303 3243 1434 3320; baseline 0.005 -14"><span class='ocrx_word' id='word_1_214' title='bbox 303 3243 409 3306; x_wconf 92' lang='lat' dir='ltr'><strong>dinem</strong></span> <span class='ocrx_word' id='word_1_215' title='bbox 433 3251 547 3306; x_wconf 88' lang='lat' dir='ltr'><strong>natura</strong></span> <span class='ocrx_word' id='word_1_216' title='bbox 569 3244 666 3320; x_wconf 91' lang='lat' dir='ltr'><strong>dedit,</strong></span> <span class='ocrx_word' id='word_1_217' title='bbox 685 3245 771 3306; x_wconf 94' lang='lat' dir='ltr'><strong>dedit</strong></span> <span class='ocrx_word' id='word_1_218' title='bbox 789 3252 821 3307; x_wconf 93' lang='lat' dir='ltr'><strong>et</strong></span> <span class='ocrx_word' id='word_1_219' title='bbox 840 3245 995 3307; x_wconf 91' lang='lat' dir='ltr'><strong>modum:</strong></span> <span class='ocrx_word' id='word_1_220' title='bbox 1020 3248 1098 3308; x_wconf 92' lang='grc'><strong>611111</strong></span> <span class='ocrx_word' id='word_1_221' title='bbox 1118 3249 1276 3311; x_wconf 85' lang='lat' dir='ltr'><strong>infinitum</strong></span> <span class='ocrx_word' id='word_1_222' title='bbox 1300 3256 1348 3312; x_wconf 90' lang='lat' dir='ltr'><strong>est</strong></span> <span class='ocrx_word' id='word_1_223' title='bbox 1373 3252 1434 3312; x_wconf 91' lang='lat' dir='ltr'><strong>nisi</strong></span> 
     </span>
     <span class='ocr_line' id='line_1_30' title="bbox 302 3343 1432 3429; baseline 0.006 -26"><span class='ocrx_word' id='word_1_224' title='bbox 302 3343 457 3405; x_wconf 89' lang='lat' dir='ltr'><strong>Oceanus.</strong></span> <span class='ocrx_word' id='word_1_225' title='bbox 473 3344 569 3404; x_wconf 85' lang='lat' dir='ltr'><strong>Aiunt</strong></span> <span class='ocrx_word' id='word_1_226' title='bbox 588 3343 705 3405; x_wconf 85' lang='lat' dir='ltr'><strong>fertiles</strong></span> <span class='ocrx_word' id='word_1_227' title='bbox 722 3343 754 3404; x_wconf 92' lang='lat' dir='ltr'><strong>in</strong></span> <span class='ocrx_word' id='word_1_228' title='bbox 774 3344 899 3406; x_wconf 88' lang='grc'><strong>066666</strong></span> <span class='ocrx_word' id='word_1_229' title='bbox 912 3344 1018 3424; x_wconf 89' lang='lat' dir='ltr'><strong>jacere</strong></span> <span class='ocrx_word' id='word_1_230' title='bbox 1038 3351 1150 3421; x_wconf 90' lang='lat' dir='ltr'><strong>terras,</strong></span> <span class='ocrx_word' id='word_1_231' title='bbox 1166 3345 1313 3429; x_wconf 90' lang='lat' dir='ltr'><strong>ultraque</strong></span> <span class='ocrx_word' id='word_1_232' title='bbox 1335 3349 1432 3410; x_wconf 88' lang='lat' dir='ltr'><strong>Ocea-</strong></span> 
     </span>
     <span class='ocr_line' id='line_1_31' title="bbox 304 3440 1432 3524; baseline 0.006 -24"><span class='ocrx_word' id='word_1_233' title='bbox 304 3459 380 3500; x_wconf 90' lang='lat' dir='ltr'><strong>num</strong></span> <span class='ocrx_word' id='word_1_234' title='bbox 400 3460 508 3501; x_wconf 88' lang='lat' dir='ltr'><strong>rursus</strong></span> <span class='ocrx_word' id='word_1_235' title='bbox 524 3440 586 3501; x_wconf 91' lang='grc'><strong>6116</strong></span> <span class='ocrx_word' id='word_1_236' title='bbox 600 3440 719 3515; x_wconf 87' lang='grc'><strong>1111666,</strong></span> <span class='ocrx_word' id='word_1_237' title='bbox 736 3441 834 3503; x_wconf 91' lang='lat' dir='ltr'><strong>alium</strong></span> <span class='ocrx_word' id='word_1_238' title='bbox 852 3441 939 3504; x_wconf 88' lang='lat' dir='ltr'><strong>nasci</strong></span> <span class='ocrx_word' id='word_1_239' title='bbox 957 3441 1078 3518; x_wconf 90' lang='lat' dir='ltr'><strong>orbem,</strong></span> <span class='ocrx_word' id='word_1_240' title='bbox 1095 3463 1153 3506; x_wconf 90' lang='lat' dir='ltr'><strong>nec</strong></span> <span class='ocrx_word' id='word_1_241' title='bbox 1172 3464 1306 3524; x_wconf 91' lang='lat' dir='ltr'><strong>usquam</strong></span> <span class='ocrx_word' id='word_1_242' title='bbox 1324 3465 1432 3507; x_wconf 91' lang='lat' dir='ltr'><strong>rerum</strong></span> 
     </span>
    </p>

    <p class='ocr_par' dir='ltr' id='par_1_4' title="bbox 227 3537 1431 3721">
     <span class='ocr_line' id='line_1_32' title="bbox 304 3537 1430 3621; baseline 0.008 -25"><span class='ocrx_word' id='word_1_243' title='bbox 304 3543 452 3597; x_wconf 89' lang='lat' dir='ltr'><strong>naturam</strong></span> <span class='ocrx_word' id='word_1_244' title='bbox 480 3537 636 3613; x_wconf 90' lang='lat' dir='ltr'><strong>desinere,</strong></span> <span class='ocrx_word' id='word_1_245' title='bbox 667 3539 722 3599; x_wconf 90' lang='lat' dir='ltr'><strong>sed</strong></span> <span class='ocrx_word' id='word_1_246' title='bbox 750 3558 875 3621; x_wconf 89' lang='lat' dir='ltr'><strong>semper</strong></span> <span class='ocrx_word' id='word_1_247' title='bbox 903 3540 993 3616; x_wconf 90' lang='lat' dir='ltr'><strong>inde,</strong></span> <span class='ocrx_word' id='word_1_248' title='bbox 1023 3540 1076 3601; x_wconf 93' lang='lat' dir='ltr'><strong>ubi</strong></span> <span class='ocrx_word' id='word_1_249' title='bbox 1105 3542 1245 3604; x_wconf 90' lang='lat' dir='ltr'><strong>desinere</strong></span> <span class='ocrx_word' id='word_1_250' title='bbox 1273 3543 1430 3618; x_wconf 87' lang='lat' dir='ltr'><strong>videatur,</strong></span> 
     </span>
     <span class='ocr_line' id='line_1_33' title="bbox 227 3622 1431 3721; baseline 0.007 -28"><span class='ocrx_word' id='word_1_251' title='bbox 227 3622 230 3628; x_wconf 68' lang='grc'><strong>’</strong></span> <span class='ocrx_word' id='word_1_252' title='bbox 304 3652 420 3695; x_wconf 89' lang='lat' dir='ltr'><strong>novam</strong></span> <span class='ocrx_word' id='word_1_253' title='bbox 438 3654 606 3715; x_wconf 85' lang='lat' dir='ltr'><strong>exsurgere</strong></span> <span class='ocrx_word' id='word_1_254' title='bbox 621 3637 631 3672; x_wconf 73' lang='lat'><strong>⁶</strong></span> <span class='ocrx_word' id='word_1_255' title='bbox 648 3660 676 3697; x_wconf 88' lang='grc'><strong>».</strong></span> <span class='ocrx_word' id='word_1_256' title='bbox 693 3638 763 3699; x_wconf 87' lang='grc'><strong>1661</strong></span> <span class='ocrx_word' id='word_1_257' title='bbox 786 3656 860 3699; x_wconf 87' lang='grc'><strong>1616</strong></span> <span class='ocrx_word' id='word_1_258' title='bbox 884 3645 914 3700; x_wconf 87' lang='grc'><strong>61</strong></span> <span class='ocrx_word' id='word_1_259' title='bbox 938 3640 1057 3700; x_wconf 88' lang='lat' dir='ltr'><strong>Lucani</strong></span> <span class='ocrx_word' id='word_1_260' title='bbox 1080 3639 1254 3721; x_wconf 84' lang='lat' dir='ltr'><strong>splendidae</strong></span> <span class='ocrx_word' id='word_1_261' title='bbox 1272 3640 1337 3703; x_wconf 87' lang='lat' dir='ltr'><strong>illae</strong></span> <span class='ocrx_word' id='word_1_262' title='bbox 1357 3642 1431 3703; x_wconf 84' lang='lat' dir='ltr'><strong>Gal-</strong></span> 
     </span>
    </p>
   </div>
   <div class='ocr_carea' id='block_1_3' title="bbox 304 3730 1432 3826">
    <p class='ocr_par' dir='ltr' id='par_1_5' title="bbox 304 3730 1432 3826">
     <span class='ocr_line' id='line_1_34' title="bbox 304 3730 1432 3826; baseline 0.008 -35"><span class='ocrx_word' id='word_1_263' title='bbox 304 3730 418 3792; x_wconf 91' lang='lat' dir='ltr'><strong>liarum</strong></span> <span class='ocrx_word' id='word_1_264' title='bbox 432 3732 608 3814; x_wconf 84' lang='lat' dir='ltr'><strong>Africaeque</strong></span> <span class='ocrx_word' id='word_1_265' title='bbox 623 3734 849 3815; x_wconf 88' lang='lat' dir='ltr'><strong>descriptiones</strong></span> <span class='ocrx_word' id='word_1_266' title='bbox 863 3736 903 3797; x_wconf 92' lang='lat' dir='ltr'><strong>ad</strong></span> <span class='ocrx_word' id='word_1_267' title='bbox 918 3736 1001 3797; x_wconf 91' lang='lat' dir='ltr'><strong>idem</strong></span> <span class='ocrx_word' id='word_1_268' title='bbox 1019 3736 1184 3799; x_wconf 89' lang='lat' dir='ltr'><strong>hominum</strong></span> <span class='ocrx_word' id='word_1_269' title='bbox 1201 3738 1341 3800; x_wconf 88' lang='lat' dir='ltr'><strong>studium</strong></span> <span class='ocrx_word' id='word_1_270' title='bbox 1355 3741 1432 3826; x_wconf 84' lang='grc'><strong>6616</strong></span> 
     </span>
    </p>
   </div>
   <div class='ocr_carea' id='block_1_4' title="bbox 304 3910 1428 4259">
    <p class='ocr_par' dir='ltr' id='par_1_6' title="bbox 335 3910 758 3976">
     <span class='ocr_line' id='line_1_35' title="bbox 335 3910 758 3976; baseline 0.007 -17"><span class='ocrx_word' id='word_1_271' title='bbox 335 3912 358 3959; x_wconf 85' lang='grc'><strong>1.</strong></span> <span class='ocrx_word' id='word_1_272' title='bbox 374 3910 455 3972; x_wconf 89' lang='grc' dir='ltr'><strong>Μ66.,</strong></span> <span class='ocrx_word' id='word_1_273' title='bbox 469 3911 585 3969; x_wconf 74' lang='lat' dir='ltr'><strong>Astron„</strong></span> <span class='ocrx_word' id='word_1_274' title='bbox 599 3910 619 3969; x_wconf 88' lang='lat'><strong>1,</strong></span> <span class='ocrx_word' id='word_1_275' title='bbox 636 3913 681 3962; x_wconf 83' lang='lat'><strong>258</strong></span> <span class='ocrx_word' id='word_1_276' title='bbox 696 3925 758 3976; x_wconf 90' lang='lat' dir='ltr'><strong>sqq.</strong></span> 
     </span>
    </p>

    <p class='ocr_par' dir='ltr' id='par_1_7' title="bbox 334 3981 669 4044">
     <span class='ocr_line' id='line_1_36' title="bbox 334 3981 669 4044; baseline 0.018 -15"><span class='ocrx_word' id='word_1_277' title='bbox 334 3982 358 4031; x_wconf 85' lang='lat'><strong>2.</strong></span> <span class='ocrx_word' id='word_1_278' title='bbox 373 3981 424 4044; x_wconf 80' lang='grc'><strong>111,</strong></span> <span class='ocrx_word' id='word_1_279' title='bbox 439 3982 511 4041; x_wconf 76' lang='lat' dir='ltr'><strong>tutu,</strong></span> <span class='ocrx_word' id='word_1_280' title='bbox 527 3982 568 4043; x_wconf 84' lang='lat' dir='ltr'><strong>lv,</strong></span> <span class='ocrx_word' id='word_1_281' title='bbox 585 3984 669 4035; x_wconf 84' lang='grc'><strong>23-911.</strong></span> 
     </span>
    </p>

    <p class='ocr_par' dir='ltr' id='par_1_8' title="bbox 334 4052 678 4118">
     <span class='ocr_line' id='line_1_37' title="bbox 334 4052 678 4118; baseline 0 -16"><span class='ocrx_word' id='word_1_282' title='bbox 334 4055 357 4102; x_wconf 89' lang='grc'><strong>3.</strong></span> <span class='ocrx_word' id='word_1_283' title='bbox 373 4052 423 4115; x_wconf 88' lang='lat' dir='ltr'><strong>ld.,</strong></span> <span class='ocrx_word' id='word_1_284' title='bbox 437 4052 510 4112; x_wconf 79' lang='grc'><strong>11111,</strong></span> <span class='ocrx_word' id='word_1_285' title='bbox 524 4054 557 4117; x_wconf 92' lang='lat' dir='ltr'><strong>V,</strong></span> <span class='ocrx_word' id='word_1_286' title='bbox 570 4056 678 4118; x_wconf 82' lang='lat' dir='ltr'><strong>passim.</strong></span> 
     </span>
    </p>

    <p class='ocr_par' dir='ltr' id='par_1_9' title="bbox 304 4124 1428 4259">
     <span class='ocr_line' id='line_1_38' title="bbox 333 4124 1428 4194; baseline 0.008 -23"><span class='ocrx_word' id='word_1_287' title='bbox 333 4124 406 4173; x_wconf 72' lang='grc'><strong>1.(11,</strong></span> <span class='ocrx_word' id='word_1_288' title='bbox 422 4125 502 4185; x_wconf 88' lang='grc' dir='ltr'><strong>Μ66.,</strong></span> <span class='ocrx_word' id='word_1_289' title='bbox 522 4126 638 4185; x_wconf 73' lang='lat' dir='ltr'><strong>Astron,</strong></span> <span class='ocrx_word' id='word_1_290' title='bbox 657 4126 699 4186; x_wconf 90' lang='lat' dir='ltr'><strong>IV,</strong></span> <span class='ocrx_word' id='word_1_291' title='bbox 717 4126 801 4188; x_wconf 79' lang='lat'><strong>23-90,</strong></span> <span class='ocrx_word' id='word_1_292' title='bbox 816 4130 844 4177; x_wconf 88' lang='lat' dir='ltr'><strong>et</strong></span> <span class='ocrx_word' id='word_1_293' title='bbox 857 4127 919 4178; x_wconf 89' lang='lat' dir='ltr'><strong>Seu.</strong></span> <span class='ocrx_word' id='word_1_294' title='bbox 938 4128 1017 4191; x_wconf 81' lang='lat' dir='ltr'><strong>rhet,</strong></span> <span class='ocrx_word' id='word_1_295' title='bbox 1027 4128 1092 4178; x_wconf 80' lang='grc'><strong>1166.</strong></span> <span class='ocrx_word' id='word_1_296' title='bbox 1109 4128 1239 4189; x_wconf 79' lang='lat' dir='ltr'><strong>Contrua,</strong></span> <span class='ocrx_word' id='word_1_297' title='bbox 1251 4131 1282 4194; x_wconf 91' lang='lat' dir='ltr'><strong>V,</strong></span> <span class='ocrx_word' id='word_1_298' title='bbox 1295 4132 1319 4193; x_wconf 88' lang='lat' dir='ltr'><strong>l,</strong></span> <span class='ocrx_word' id='word_1_299' title='bbox 1330 4144 1358 4193; x_wconf 89' lang='lat' dir='ltr'><strong>p.</strong></span> <span class='ocrx_word' id='word_1_300' title='bbox 1369 4130 1428 4191; x_wconf 70' lang='lat'><strong>2123</strong></span> 
     </span>
     <span class='ocr_line' id='line_1_39' title="bbox 304 4193 675 4259; baseline 0.003 -15"><span class='ocrx_word' id='word_1_301' title='bbox 304 4193 359 4255; x_wconf 87' lang='lat' dir='ltr'><strong>Vll,</strong></span> <span class='ocrx_word' id='word_1_302' title='bbox 374 4194 398 4254; x_wconf 79' lang='grc'><strong>2,</strong></span> <span class='ocrx_word' id='word_1_303' title='bbox 413 4207 440 4256; x_wconf 87' lang='lat' dir='ltr'><strong>p.</strong></span> <span class='ocrx_word' id='word_1_304' title='bbox 455 4196 514 4255; x_wconf 78' lang='lat'><strong>2713</strong></span> <span class='ocrx_word' id='word_1_305' title='bbox 530 4197 675 4259; x_wconf 81' lang='lat' dir='ltr'><strong>etparrim.</strong></span> 
     </span>
    </p>
   </div>
   <div class='ocr_carea' id='block_1_5' title="bbox 303 4259 1427 4401">
    <p class='ocr_par' dir='ltr' id='par_1_10' title="bbox 303 4259 1427 4401">
     <span class='ocr_line' id='line_1_40' title="bbox 334 4259 1427 4385; baseline 0.009 -74"><span class='ocrx_word' id='word_1_306' title='bbox 334 4262 534 4385; x_wconf 39' lang='lat' dir='ltr'><strong>55483epq4rhet„</strong></span> <span class='ocrx_word' id='word_1_307' title='bbox 556 4264 644 4324; x_wconf 69' lang='lat' dir='ltr'><strong>Suus„</strong></span> <span class='ocrx_word' id='word_1_308' title='bbox 657 4265 676 4326; x_wconf 89' lang='lat' dir='ltr'><strong>l,</strong></span> <span class='ocrx_word' id='word_1_309' title='bbox 693 4280 720 4329; x_wconf 88' lang='lat' dir='ltr'><strong>p.</strong></span> <span class='ocrx_word' id='word_1_310' title='bbox 741 4269 764 4317; x_wconf 86' lang='lat' dir='ltr'><strong>l.</strong></span> <span class='ocrx_word' id='word_1_311' title='bbox 780 4294 811 4305; x_wconf 88' lang='lat'>-</span> <span class='ocrx_word' id='word_1_312' title='bbox 825 4268 863 4320; x_wconf 80' lang='lat' dir='ltr'><strong>Cf.</strong></span> <span class='ocrx_word' id='word_1_313' title='bbox 882 4270 908 4319; x_wconf 88' lang='lat' dir='ltr'><strong>S.</strong></span> <span class='ocrx_word' id='word_1_314' title='bbox 926 4270 1041 4335; x_wconf 87' lang='lat' dir='ltr'><strong>Dosson,</strong></span> <span class='ocrx_word' id='word_1_315' title='bbox 1054 4259 1139 4321; x_wconf 78' lang='lat' dir='ltr'><strong>E&#39;tude</strong></span> <span class='ocrx_word' id='word_1_316' title='bbox 1156 4286 1203 4321; x_wconf 81' lang='lat' dir='ltr'><strong>rur</strong></span> <span class='ocrx_word' id='word_1_317' title='bbox 1225 4273 1319 4334; x_wconf 79' lang='lat' dir='ltr'><strong>Quinte</strong></span> <span class='ocrx_word' id='word_1_318' title='bbox 1337 4272 1427 4337; x_wconf 82' lang='lat' dir='ltr'><strong>Curre,</strong></span> 
     </span>
     <span class='ocr_line' id='line_1_41' title="bbox 303 4348 1386 4401; baseline -0.006 -16"><span class='ocrx_word' id='word_1_319' title='bbox 303 4348 332 4401; x_wconf 88' lang='lat' dir='ltr'><strong>p.</strong></span> <span class='ocrx_word' id='word_1_320' title='bbox 396 4361 406 4370; x_wconf 94' lang='lat'>·</span> <span class='ocrx_word' id='word_1_321' title='bbox 456 4348 502 4397; x_wconf 80' lang='grc'><strong>,6.</strong></span> <span class='ocrx_word' id='word_1_322' title='bbox 1382 4374 1386 4379; x_wconf 94' lang='grc'><strong>.</strong></span> 
     </span>
    </p>
   </div>
   <div class='ocr_carea' id='block_1_6' title="bbox 0 0 1596 5125">
    <p class='ocr_par' dir='ltr' id='par_1_11' title="bbox 0 0 1596 5125">
     <span class='ocr_line' id='line_1_42' title="bbox 0 0 1596 5125; baseline 0 0"><span class='ocrx_word' id='word_1_323' title='bbox 0 0 1596 5125; x_wconf 95' lang='lat' dir='ltr'><strong> </strong></span> 
     </span>
    </p>
   </div>
  </div>
 </body>
</html>
