3184 5125
661 516 822 579 45..

211 654 255 713 De
268 648 393 711 Tiberio
417 648 515 728 igitur
534 647 697 711 Manilium
720 668 758 711 eu
782 651 942 731 scripsisse
966 654 1142 729 credamus,
1163 674 1298 735 eumque

168 750 238 830 jam
256 746 416 828 reliquisse
438 746 638 826 relegationis
658 745 863 809 dissimulatae
883 749 1001 824 sedem,
1017 757 1048 812 et
1067 751 1298 815 insacietatem

170 845 297 927 imperii
320 848 453 905 Romam
474 850 645 905 vocatum:
668 845 752 924 quod
767 851 841 925 post
861 846 1032 908 Varianam
1047 848 1170 911 cladem
1186 857 1300 930 quarto

173 962 259 1005 anno
279 941 392 1004 evenit.
417 944 497 1003 Nam
519 941 594 1003 satis
617 942 676 1003 erit
701 943 741 1002 ad
765 941 1018 1024 intelligendum,
1034 946 1118 1007 unde
1132 965 1216 1008 nova
1231 948 1300 1009 baec

173 1048 284 1119 surgat
298 1038 413 1101 Tiberii
429 1038 561 1114 mentio,
577 1034 603 1099 si
618 1039 766 1102 extremis
781 1040 912 1119 Augusti
926 1043 1131 1122 temporibus,
1146 1063 1218 1105 cum
1230 1044 1299 1124 jam

173 1143 289 1200 cuncta
302 1136 343 1199 ad
356 1136 498 1197 laturum
514 1136 688 1217 principem
702 1144 879 1216 vergerent,
892 1145 1040 1217 quartum
1057 1136 1174 1202 librum'
1186 1141 1301 1204 adscri-

173 1235 297 1297 bemus.
316 1235 503 1315 Quanquam
526 1233 577 1295 hic
596 1234 698 1295 fatcor
715 1234 793 1295 nihil
814 1235 952 1312 obstare,
973 1237 1049 1316 quin
1074 1237 1215 1299 Tiberius
1230 1239 1299 1319 jam

174 1350 310 1410 regnare
325 1337 488 1412 reputatur
509 1352 515 1390 :
538 1350 613 1391 nam
635 1350 695 1392 vox
718 1324 832 1393 recturi
853 1351 992 1413 praesens
1014 1339 1140 1413 tempus
1161 1334 1300 1396 indicare

175 1435 293 1507 potest,
312 1429 396 1507 quod
417 1435 485 1490 tum
509 1428 650 1489 futurum
671 1435 749 1506 erat,
769 1424 840 1489 dum
866 1429 994 1490 Rhodos
1016 1430 1190 1511 hospitium
1213 1432 1302 1512 prin-'

177 1527 257 1608 cipis
278 1532 345 1588 erat
361 1528 381 1589 ¹.
398 1525 501 1588 Verba
521 1532 627 1587 autem
650 1526 706 1587 aud
732 1526 851 1589 Cessare
871 1545 943 1588 cnm
966 1528 1066 1607 accipi
1089 1529 1134 1590 ita
1157 1536 1298 1609 possunt,

176 1612 212 1688 ut
227 1624 368 1685 Tiberius
382 1623 488 1686 lumen
508 1623 616 1685 mundi
635 1642 701 1685 esse
719 1636 787 1705 post
809 1622 958 1688 Caesarem
976 1624 1164 1703 declaretur,
1180 1627 1230 1688 vel
1245 1626 1300 1688 sub

173 1722 302 1804 fithorc
326 1720 468 1797 caesaris,
486 1740 550 1801 quo
570 1740 633 1782 non
652 1722 738 1783 aliud
760 1722 865 1802 majus
884 1727 935 1783 est·
950 1723 1068 1801 lumen,
1090 1729 1157 1784 tum
1181 1724 1299 1803 signill-

174 1840 247 1883 oarc
262 1825 396 1901 possunt
407 1819 440 1879 in
457 1817 600 1881 casare:
616 1819 749 1881 velutin
764 1820 846 1880 libro
861 1820 998 1882 secundo
1013 1820 1052 1881 de
1065 1821 1141 1883 Jove
1157 1821 1256 1884 dixit:

388 2014 423 2068 Et
435 2014 485 2069 sub
500 2012 587 2069 tratre
601 2012 653 2068 viri
666 2029 771 2069 nomen
788 2014 810 2068 ².

218 2186 282 2249 Sed
301 2185 333 2246 in
351 2184 413 2247 line
426 2186 497 2246 libri
516 2186 623 2267 quarti
640 2186 744 2246 vivere
762 2186 939 2262 Augustum
952 2192 1094 2265 apparet.
1111 2188 1190 2249 Nam
1205 2192 1302 2267 poeta

176 2285 222 2347 sic
236 2282 376 2363 loquitur
391 2301 398 2346 :

316 2473 357 2529 Ne
371 2472 612 2537 dubiteshomlni
627 2475 737 2531 divinos
751 2476 871 2533 credere
884 2476 974 2544 risus;

318 2554 382 2610 Jnm
397 2553 467 2611 lacit
481 2554 541 2626 ipso
557 2556 637 2626 deoS,
652 2555 796 2630 mittitque
810 2556 847 2614 ad
861 2557 954 2614 sidera
969 2573 1088 2626 nomen;
1196 2576 1207 2599 ·

316 2634 405 2705 Majus
421 2639 449 2689 et
464 2636 595 2709 Augusto
610 2641 720 2692 crescet
734 2637 786 2692 sub
802 2637 931 2710 principe
945 2637 1048 2693 caelum
1062 2639 1084 2691 ³.

216 2808 261 2866 Ea
272 2823 347 2866 sane
364 2806 548 2867 obscuriora
563 2825 630 2867 esse
646 2807 829 2868 Lachmann
841 2807 853 2841 ⁴
867 2805 1039 2879 contendit,
1056 2801 1179 2863 nonita
1193 2807 1300 2862 tamen

172 2909 211 2964 ut
227 2903 386 2964 Tiberium
402 2903 574 2981 significari
593 2923 658 2965 non
675 2904 901 2985 deprehendat,
918 2922 1010 2983 quem
1030 2901 1135 2962 Freier
1151 2900 1301 2961 admonet

173 3019 260 3061 anno
280 3000 372 3062 Urbis
395 3003 454 3062 770
477 3001 650 3062 sacrarium
675 3003 734 3063 toti
753 3002 845 3064 tuliae
869 3000 962 3080 genti·
978 2999 1189 3061 dedicavisse?
1211 3002 1301 3058 Attu-

174 3097 259 3156 lerat
286 3106 391 3158 autem
420 3098 603 3160 Lachmann
629 3099 739 3160 Velleii
765 3098 921 3160 Paterculi
944 3099 1049 3160 locum
1075 3116 1083 3157 :
1112 3120 1127 3152 «
1159 3094 1301 3157 Sacrarit

174 3201 340 3274 parentem
366 3215 458 3257 suum
488 3215 551 3257 non
580 3196 725 3275 imperio,
753 3197 807 3257 sed
836 3196 1005 3272 religione;
1035 3212 1099 3254 non
1128 3190 1300 3271 appellarit

176 3289 289 3372 [eum],
304 3293 358 3353 sed
372 3292 447 3354 lecit
463 3292 557 3354 deum
573 3294 596 3352 ὅ.
612 3316 628 3348 »
645 3294 752 3370 Neque
768 3292 875 3352 fecisse
895 3291 970 3351 deos
989 3288 1148 3348 Tiberium
1163 3284 1299 3362 negabo,

174 3389 231 3448 sed
247 3388 414 3450 verborum
429 3409 522 3450 sensu
540 3389 701 3450 communi
722 3392 901 3464 contentus,
916 3385 970 3445 ubi
989 3386 1146 3462 Augustus
1164 3382 1297 3457 dicatur,

175 3503 241 3546 non
267 3485 426 3547 Tiberium
450 3486 628 3564 intelligam
654 3507 660 3544 ε
688 3484 758 3564 quis
781 3483 877 3558 enim,
901 3501 938 3543 aa
963 3473 1069 3542 verba
1084 3482 1218 3560 Augusto
1244 3478 1299 3540 sub
1408 3551 1410 3555 Ι

172 3581 320 3664 principe
339 3583 457 3661 legens,
475 3583 634 3644 Tiberium
653 3601 784 3660 regnare
805 3581 932 3642 credat?
949 3580 989 3640 At
1007 3577 1128 3640 Manilii
1146 3578 1300 3640 sententia

175 3684 276 3760 patet,
296 3680 477 3742 extollentis
499 3700 569 3761 quae
591 3687 772 3761 quantaque
791 3679 888 3739 homo
909 3678 1012 3739 lacere
1031 3676 1139 3757 possit.
1158 3676 1300 3738 Valerius

174 3777 330 3838 Maximus
347 3777 502 3856 gloriatur
514 3777 598 3858 quod
621 3779 721 3840 Roma
742 3777 825 3838 cives
839 3794 912 3838 suos
930 3775 1063 3837 deornm
1077 3773 1209 3836 concilio
1224 3774 1302 3834 inse·

174 3892 244 3934 rere
260 3875 400 3954 potuerit
417 3893 424 3936 :
444 3877 553 3936 «Deos
568 3875 664 3953 enirn,
678 3875 792 3954 inquit,
811 3873 948 3953 reliquos
962 3872 1150 3953 accepimus,
1165 3872 1302 3931 Caesares

207 4054 229 4101 l.
247 4051 354 4118 Gallice,
370 4054 412 4103 Du
425 4055 515 4118 pra’uce
529 4054 576 4118 qui
589 4053 676 4104 decuit
691 4058 785 4118 regnet·
796 4066 843 4102 rur
857 4051 881 4101 tc
898 4050 1001 4101 monde.

205 4123 230 4172 2.
247 4123 348 4185 Mantt„
363 4125 479 4183 Astron,
495 4125 528 4184 11,
548 4126 586 4174 16.

208 4194 232 4244 3.
247 4194 350 4256 Manil.,
366 4195 481 4254 Astron,
498 4195 541 4256 lv,
556 4195 610 4244 933.

207 4265 231 4312 t.
245 4263 410 4326 Lachmann,
425 4266 443 4316 t.
458 4266 475 4315 t.
489 4291 519 4302 -
534 4267 631 4324 Frater,
648 4279 689 4328 op.
705 4266 733 4323 t,
746 4279 773 4329 p.
790 4267 832 4315 25.

209 4334 232 4382 5.
247 4333 314 4383 Veli.
330 4335 397 4397 Put,
411 4335 444 4399 ll,
459 4337 500 4386 26.
