3184 5125
553 470 557 476 ’
642 456 801 522 -97-

154 589 348 652 ornamentis
372 595 549 670 temperata
572 597 603 652 ει
626 590 817 667 illuminata,
841 597 908 652 tum
931 591 1065 672 denique
1089 593 1210 654 cunctis
1231 594 1280 656 di·

153 688 245 750 cendi
266 686 406 748 artificiis
425 687 599 769 figurisque
620 695 651 750 et
674 689 847 764 sententiis,
867 688 981 769 quibus
1001 696 1069 750 tum
1089 689 1231 753 rhetores
1247 693 1281 754 in

152 785 315 848 auditoriis
343 787 472 866 plausus
503 785 693 863 eliciebant,
723 807 780 869 per
811 793 913 849 totum
941 787 1140 850 continenter
1166 809 1282 870 poema

152 903 251 966 usque
271 883 311 946 ad
330 883 506 945 molestiam
528 885 675 965 profusis.

190 983 230 1043 Et
254 987 361 1043 tamen
383 982 491 1043 rhetor
511 981 569 1044 iste
586 1001 660 1044 vere
677 989 773 1063 poeta
792 981 861 1059 fuit,
876 983 1044 1063 vividoquc
1062 984 1188 1063 ingenio
1208 1005 1280 1048 vere

151 1079 367 1142 admirandus.
388 1080 434 1140 Ea
457 1079 540 1140 enim
560 1081 691 1160 poeticae
710 1081 870 1142 facultatis
889 1081 936 1169 vis
955 1086 1012 1160 cst,
1028 1100 1099 1162 quae
1116 1102 1280 1164 nunquam

151 1165 195 1238 sit
210 1177 377 1252 abolenda,
394 1196 513 1257 perque
540 1177 648 1239 omnia
667 1178 744 1240 vitia
762 1177 947 1259 explicetur.
963 1180 1050 1240 Licet
1067 1179 1165 1260 igitur
1183 1182 1295 1242 Mani·'

151 1274 211 1336 lius
231 1261 396 1337 rhetorum
419 1274 749 1363 disciplinaqimbutus
768 1275 807 1337 ad
829 1276 1030 1337 scribendum
1049 1278 1190 1353 accedat,
1208 1279 1281 1341 licet

151 1373 259 1434 omnia
287 1373 450 1434 rhetorum
481 1373 615 1434 artificia
641 1374 782 1435 materiae
807 1375 998 1439 exornandae
1022 1374 1183 1451 adhibeat,
1208 1377 1281 1439 licet

151 1470 341 1552 sapientium
362 1476 499 1532 mentem
517 1489 602 1551 saepe
615 1471 667 1534 vel
682 1471 823 1534 offendat
838 1471 886 1533 vel
903 1478 1060 1553 torqueat,
1075 1473 1151 1553 quid
1166 1475 1281 1536 refert?

149 1569 247 1630 Poeta
260 1573 354 1630 natus
369 1573 438 1630 erat
454 1587 461 1629 :
478 1569 538 1630 luit
557 1574 588 1630 et
608 1575 714 1650 poeta,
728 1575 897 1650 postquam
918 1569 1027 1631 rhetor
1045 1570 1147 1633 factus
1164 1573 1278 1634 fuerat.

149 1669 228 1728 Nam
251 1666 277 1727 si
300 1684 364 1727 non
391 1665 573 1728 flammeum
601 1667 735 1728 Lucretii
761 1674 874 1729 aestum
900 1674 957 1729 aut
983 1668 1130 1734 decoram
1159 1670 1279 1749 Virgilii

150 1763 315 1826 mollitiem
340 1763 488 1844 aequavit,
512 1783 569 1826 nec
596 1771 732 1844 tantum,
755 1772 910 1846 quantum
934 1765 991 1840 illi,
1017 1774 1073 1829 aut
1098 1767 1199 1830 doluit
1224 1777 1280 1831 aut

150 1862 316 1938 miseratus
346 1868 404 1936 est,
435 1868 469 1922 at
497 1863 647 1942 cogitavit
674 1865 750 1943 alta,
781 1863 978 1944 grandiaque
1007 1865 1131 1926 locutus
1159 1871 1216 1939 εει,
1247 1872 1279 1928 ει

151 1959 247 2021 verba
269 1959 398 2033 invenit,
422 1979 493 2040 quae
515 1959 691 2038 legentibus
713 1979 762 2021 res
785 1966 1058 2041 repraesentarent.
1077 1963 1157 2021 Nam
1178 1963 1279 2024 multa

150 2076 221 2119 curn
241 2057 396 2132 acumine,
412 2057 513 2117 multa
531 2056 634 2118 vivide
651 2057 774 2118 loeutus
793 2064 850 2131 est,
868 2064 899 2117 et
916 2056 988 2118 licet
1002 2058 1173 2138 saepissime
1188 2060 1276 2122 odio·

149 2174 201 2216 sus
217 2155 267 2232 sit,
286 2172 449 2235 nunquam
472 2160 556 2214 certe
574 2160 620 2215 εει
639 2154 744 2234 gravis
766 2173 772 2215 :
795 2155 877 2217 iram
898 2155 1025 2233 legenti,
1043 2174 1109 2217 non
1129 2175 1276 2219 somnum

148 2253 218 2328 ciet,
233 2253 461 2333 Horatianique
477 2252 629 2333 praecepti
645 2271 778 2318 memor.
1124 2272 1126 2278 ·

511 2432 702 2490 Mediocribus
719 2451 780 2490 csse
794 2433 888 2506 poetis

325 2513 389 2569 Non
404 2510 443 2583 di,
459 2528 518 2568 non
532 2511 676 2583 homines,
689 2529 747 2569 non
763 2529 930 2569 concessere
944 2513 1098 2581 columnae,

148 2709 218 2752 cum
241 2709 306 2752 non
328 2688 436 2751 omnia
457 2688 576 2769 optime
596 2693 627 2748 ει
651 2686 788 2767 cogitare
811 2692 843 2748 ει
863 2686 966 2748 dicere
991 2685 1122 2765 valeret,
1143 2687 1276 2767 pessime

148 2789 249 2851 multa
270 2806 367 2869 quam
389 2785 589 2848 mediocriter
610 2784 733 2846 maluit.
753 2786 788 2845 ln
808 2784 919 2845 formis
940 2793 1047 2845 tamen
1069 2790 1100 2846 ει
1119 2784 1277 2847 coloribus

148 2885 360 2968 exprimendis
392 2883 472 2947 solet
496 2892 571 2945 ‘esse
606 2883 829 2958 admiranduS,
861 2882 1132 2963 creberrimosque
1168 2902 1277 2944 versus

148 2986 250 3058 finxit,
282 2982 470 3063 quioculos
497 2981 670 3061 legentium
701 2981 856 3043 acerrimo
885 2981 1023 3062 quodam
1053 2999 1276 3062 corporearum

143 3102 253 3145 rerum
273 3083 342 3143 visu
365 3080 518 3155 alliciunt,
540 3079 628 3140 nullo
648 3078 746 3140 animi
769 3086 856 3141 motu
879 3080 928 3141 vel
948 3078 1064 3156 ingenii
1080 3079 1200 3158 judicio
1220 3079 1275 3140 ad-

148 3182 270 3243 mixto:
289 3185 325 3241 ut
336 3179 369 3240 in
381 3178 442 3240 hoc
459 3196 550 3238 versu
566 3195 573 3239 τ

361 3345 395 3399 Et
409 3343 531 3417 pedibus
546 3341 636 3398 niveis
652 3341 794 3399 fulserunt
809 3355 899 3396 aurea
913 3338 1016 3407 vincla,

149 3530 334 3593 obversatur
350 3538 422 3593 ante
442 3529 550 3592 oculos
568 3528 697 3591 feminei
715 3526 857 3608 corporis
875 3524 993 3587 candor
1011 3524 1093 3585 ilavo
1113 3522 1276 3585 distinctus

148 3628 288 3690 metallo.
304 3628 365 3689 Sed
385 3647 455 3689 eam
476 3633 548 3689 ante
564 3627 671 3688 omnia
690 3626 798 3688 dotem
815 3623 939 3703 habuit,
954 3642 1025 3705 quae
1041 3621 1201 3683 rarissima
1216 3625 1274 3694 est,

147 3745 204 3788 nec
231 3744 356 3807 semper
381 3725 528 3787 maximis
554 3723 746 3804 Manilicque
776 3721 958 3785 melioribus
986 3720 1088 3802 poetis
1112 3718 1273 3797 contigit:

147 3823 376 3904 philosophicae
392 3823 510 3886 scilicet
525 3827 556 3883 et
571 3821 804 3884 mathematicae
820 3827 851 3882 et
868 3819 1007 3901 physicae
1027 3825 1059 3879 et
1077 3815 1275 3895 astrologicae

147 3921 286 3982 scientiae
306 3928 431 4002 reperta
449 3922 495 3983 ita
513 3920 655 3982 versibus
675 3919 838 3998 expressit,
860 3924 896 3979 ut
912 3918 952 3978 de
970 3917 1009 3977 iis
1027 3934 1100 3977 cum
1119 3913 1277 3975 subtiliter

146 4024 214 4080 tum
235 4019 355 4099 poetice
373 4020 566 4099 loqueretur,
585 4036 643 4079 nec
658 4017 754 4077 rebus
773 4017 881 4090 verba,
898 4022 1020 4076 autres
1039 4011 1143 4074 verbis
1167 4012 1275 4073 obsta-

146 4121 226 4179 rent.
249 4118 329 4178 Tum
353 4117 437 4177 enim
462 4134 567 4177 acrem
593 4114 745 4176 orationis
767 4114 909 4193 vigorem
934 4130 1058 4173 summo
1080 4130 1151 4172 cum
1172 4108 1276 4190 splen-

146 4212 223 4275 dore
242 4232 390 4275 versuum
408 4212 521 4275 extulit
537 4230 544 4273 :
562 4212 649 4293 quod
661 4211 729 4291 jam
744 4212 922 4291 perspicere
937 4208 1068 4290 potuisti
1085 4213 1133 4269 tot
1147 4213 1277 4287 tamque

145 4310 314 4374 luculentis
337 4311 414 4373 locis
437 4330 517 4392 quos
543 4310 583 4371 ad
608 4308 772 4371 scientiam
800 4309 992 4389 pertinentes
1013 4326 1110 4387 supra
1135 4303 1274 4367 laudavi.

220 4419 334 4474 Lnnson.
1058 4471 1060 4475 ,
1116 4413 1132 4467 'l
