3184 5125
801 486 961 549 *10-

317 622 459 695 flumina,
485 626 625 694 montes,
651 619 805 693 Ciliciam,
835 618 972 700 Syriam,
1004 618 1115 680 molles
1139 618 1273 698 Arabas,
1299 620 1451 700 Parthos,

316 720 488 798 Persidem,
510 718 646 798 Scythiae
667 724 800 793 montes,
822 720 975 791 Taurum,
998 719 1140 795 Gangen,
1158 717 1320 779 decolores
1339 718 1450 794 Indos,

316 816 500 897 Phrygiam,
516 816 760 896 Cappadociam,
777 815 972 896 Bithyniam,
988 814 1125 889 Cariam,
1142 815 1326 877 Phoenicum
1339 817 1449 891 urbes,

317 918 442 989 Bactra,
457 914 592 973 insulam
605 915 709 992 Panis,
723 912 896 992 Assyriam,
910 913 1118 993 Euphratem,
1135 913 1253 992 Tigrim
1267 935 1274 973 ε
1291 914 1367 994 quid
1381 933 1452 976 non

316 1031 388 1074 cum
413 1012 533 1074 honore
552 1012 728 1091 percurrit?
747 1012 850 1072 Mores
871 1011 967 1072 etiam
989 1016 1021 1071 et
1041 1010 1143 1073 cultus
1167 1018 1198 1072 et
1219 1016 1319 1073 vestes
1341 1018 1448 1086 notat,
1561 1077 1562 1082 ,

317 1116 418 1173 tortos
437 1112 588 1189 Syrorum
612 1109 713 1171 crines
733 1108 886 1189 laxosque
906 1111 1073 1170 Persarum
1097 1109 1240 1172 amictus.
1258 1110 1449 1189 Quantoque

316 1208 405 1271 illam
429 1208 513 1270 orbis
536 1214 658 1288 partem
687 1225 794 1268 amore
824 1207 972 1287 prosequi
1000 1207 1133 1281 videtur,
1150 1213 1185 1268 ut
1213 1206 1303 1287 quasi
1325 1208 1450 1270 ferveat

317 1307 418 1369 oratio
435 1306 665 1386 admiratioque
681 1305 854 1385 grandibus
868 1305 972 1367 verbis
986 1308 1147 1385 erumpat!

458 1560 575 1615 llliratur
588 1484 996 1631 camposffiatee'ntlgpidemque
1009 1562 1120 1632 tropaea

459 1639 628 1774 maffia
637 1643 666 1695 et
679 1639 846 1694 innumeras
860 1643 973 1711 gentes,
988 1641 1172 1712 Taurumque
1186 1640 1347 1697 minantem

317 1917 391 1989 Quis
401 1936 475 1979 vero
491 1918 523 1979 in
537 1916 610 1978 Asia
624 1916 745 1978 belluas
761 1924 816 1978 aut
829 1917 911 1978 ullas
923 1925 1025 1999 pestes
1035 1918 1121 1999 gigni
1134 1918 1313 1981 existimet?
1323 1918 1449 1983 Cuncta
1563 1993 1564 2002 χ

317 2014 434 2079 scilicet
448 2021 591 2079 monstra
602 2015 715 2077 Africae
731 2021 805 2077 sunt
820 2037 827 2075 :

458 2194 527 2249 lude
540 2194 616 2250 Asiae
625 2192 725 2266 populi
739 2192 875 2265 divesque
889 2192 1055 2265 peremnia
1069 2193 1163 2249 tellus.

456 2273 613 2344 auratique
628 2272 722 2327 fluunt
737 2288 849 2339 amnes,
867 2271 1048 2344 gemmisque
1062 2271 1171 2326 relucet

457 2352 574 2420 Pontus,
590 2351 718 2407 odorata
732 2351 842 2422 spirant
855 2350 1048 2405 medicamina
1061 2350 1136 2406 silvae
1152 2352 1175 2408 ².

315 2546 397 2623 Quin
410 2550 552 2611 Romano
568 2548 637 2612 orbi
651 2549 930 2631 (miruml)orbem
943 2549 1126 2612 Parthicum
1141 2550 1274 2631 opponit
1291 2569 1299 2614 :

830 2728 985 2801 Parthique
997 2728 1042 2785 vel
1051 2731 1123 2786 alter

458 2803 542 2860 Orbis
557 2805 603 2862 ³...

456 2884 561 2954 llagna
572 2884 649 2956 iacet
660 2884 744 2948 tellus
759 2887 874 2958 magnis
887 2887 1065 2944 circumdata
1077 2888 1148 2961 ripis

456 2962 578 3032 Parthis,
594 2967 623 3018 et
637 2963 674 3018 ab
689 2965 804 3020 Parthis
820 2966 936 3022 domitas
951 2984 1003 3039 per
1016 2968 1121 3024 saecula
1136 2971 1249 3041 gentes,

456 3043 615 3115 Bactraque
632 3046 660 3098 et
673 3043 743 3114 Arii,
759 3046 889 3117 Babylon
904 3050 933 3102 et
947 3049 1021 3105 Susa
1034 3050 1195 3121 Panosque,

455 3121 635 3195 Nominaque
650 3123 811 3180 innumeris
825 3125 872 3181 vix
886 3127 1108 3200 complectenda
1122 3128 1234 3202 figuris,

386 3231 389 3238 ι
454 3199 490 3257 Et
503 3201 604 3274 Tigris,
621 3206 650 3259 et
664 3204 743 3260 rubri
756 3205 901 3262 radiantia
915 3207 1013 3264 littora
1031 3209 1111 3280 ponti
1125 3210 1148 3262 ⁴.

312 3399 373 3472 Qui
387 3400 464 3462 talia
479 3400 517 3462 de
531 3403 605 3464 Asia
622 3395 757 3485 scripsit,
774 3423 881 3466 noune
900 3405 974 3467 Asia
993 3411 1080 3467 ortus
1097 3425 1164 3468 esse
1184 3406 1296 3468 merito
1314 3404 1441 3485 judica-

314 3496 418 3558 bitur?
437 3505 468 3558 et
487 3517 524 3560 ex
544 3500 581 3560 iis
600 3501 776 3581 praesertim
796 3503 992 3582 regionibus,
1011 3523 1082 3582 quae
1099 3504 1288 3566 Parthorum
1307 3503 1441 3583 imperio

316 3592 481 3673 adjacent?
491 3594 622 3672 Saltem,
632 3599 657 3659 si
668 3599 850 3678 eligendum
862 3605 920 3674 est,
929 3605 1037 3661 utrum
1050 3601 1216 3682 Asiaticus,
1226 3621 1266 3663 an
1276 3602 1442 3664 Africanus

350 3691 420 3766 erit,
437 3711 541 3754 nonne
561 3714 633 3756 cum
654 3696 797 3758 Bentleio
812 3697 919 3777 potius
939 3698 1114 3760 stabimus?
1128 3701 1231 3781 Atque
1248 3700 1280 3761 in
1295 3719 1333 3762 ea
1346 3719 1392 3774 re,
1408 3700 1442 3760 iu

315 3691 332 3751 f

315 3711 377 3870 glis
399 3796 518 3851 certum
538 3792 618 3853 nihil
635 3812 701 3854 esse
721 3800 837 3874 potest,
855 3814 960 3857 nonne
979 3797 1056 3858 satis
1070 3797 1269 3877 probabilem
1288 3818 1358 3860 eam
1374 3815 1443 3860 esse

310 3886 496 3968 opinionem
508 3890 729 3954 censebimus?

345 4116 368 4164 l.
385 4117 483 4178 Mansit,
495 4119 612 4177 Astron„
629 4121 672 4180 lv,
688 4121 743 4170 622.

344 4187 367 4235 2.
384 4187 434 4244 ld„
448 4187 521 4246 ibid„
535 4188 578 4250 IV,
593 4191 647 4238 672.

344 4255 366 4304 3.
384 4257 432 4315 ld.,
448 4257 524 4317 itta„
540 4260 582 4321 lV,
599 4261 654 4310 675.

343 4329 368 4378 d.
384 4327 433 4386 ld..
450 4328 522 4388 itia,
540 4331 582 4394 lV,
599 4331 653 4381 8⁰2.
