3184 5125
647 400 808 463 ..31-

716 648 730 714 Ι

182 892 184 896 1
198 815 350 887 Quaedam
361 832 437 875 sane
448 814 573 894 prolata
587 820 670 885 sunt,
683 834 753 894 quae
764 815 897 877 stoicam
906 818 1106 900 disciplinam
1121 819 1288 884 luculentis

149 912 261 974 verbis
276 918 438 988 ornarent,
454 930 556 991 neque
572 912 634 973 alio
649 914 736 973 fonte
751 915 881 976 omnino
894 916 970 976 oriri
986 927 1124 995 possent.

196 1009 291 1071 Velut
304 1010 337 1069 in
352 1008 401 1071 his
415 1010 568 1087 versibus,
585 1010 698 1090 quibus
714 1035 729 1067 «
748 1013 847 1072 Deum
859 1012 1011 1093 praedicat
1025 1034 1134 1092 unum,
1155 1016 1288 1077 immen-

150 1126 240 1181 sum,
258 1114 372 1168 cuncta
387 1108 538 1169 advitam
554 1108 742 1169 excitantem
759 1110 768 1143 ¹
787 1130 817 1184 n,
834 1130 938 1172 nonne
952 1113 1117 1175 notissima
1134 1113 1187 1175 ille
1206 1115 1285 1175 stoi-

151 1224 269 1266 corum
284 1205 322 1265 de
335 1206 399 1267 Deo
415 1206 570 1266 sententia
585 1206 786 1283 agnoscitur?

303 1360 435 1427 Namque
451 1372 554 1411 canam
569 1354 657 1411 tacita
672 1358 782 1413 naturae
797 1363 896 1413 mente
907 1362 1057 1428 potentem

301 1435 490 1505 Infusumque
506 1436 593 1489 deum
608 1437 677 1490 caelo
690 1436 833 1507 terrisque
847 1436 989 1509 fretoque,

302 1516 452 1585 Ingentem
467 1515 570 1587 aequali
586 1514 786 1570 moderantem
799 1516 906 1571 loedere
920 1518 1059 1572 molen:

301 1597 461 1667 Totumque
476 1598 587 1651 alterno
600 1612 741 1651 consensu
757 1596 853 1651 vivere
864 1594 1018 1667 ndum,

304 1674 338 1728 Et
352 1673 470 1728 rationis
485 1673 534 1745 agi
549 1678 632 1729 motu
647 1690 654 1729 ε
669 1690 737 1728 cun
749 1671 863 1745 qiritus
877 1693 953 1730 unus

300 1754 354 1807 Per
368 1757 485 1807 cunctas
498 1753 615 1808 habitet
625 1757 721 1823 partes
736 1757 822 1826 atqua
836 1754 937 1826 irriget
950 1756 1050 1813 orbem

301 1832 406 1889 Omnia
418 1833 600 1905 pervolitans,
616 1850 776 1906 corpusque
792 1834 919 1890 animale
935 1839 1040 1909 figuret
1052 1839 1074 1893 ².

154 1988 267 2065 Neque
281 1984 376 2045 semel
390 2004 428 2045 ea
442 1984 554 2046 cecinit
571 2004 578 2046 :
595 1985 670 2065 quid
683 1984 768 2046 hunc
782 2004 910 2066 quoque
925 1986 1030 2047 locum
1045 1991 1241 2050 memorem?

303 2137 362 2189 lloc
373 2152 454 2206 opus,
469 2134 605 2190 immensi
620 2138 817 2192 constructum
831 2152 950 2207 corpore
965 2136 1076 2205 mundi,

303 2214 482 2287 Membraque
497 2220 608 2271 naturae
624 2215 735 2271 diversa
749 2215 867 2271 condita
879 2216 975 2270 forma

304 2294 383 2349 Aeris
399 2298 486 2367 atque
498 2295 582 2367 ignis,
596 2298 680 2349 terrae
692 2295 845 2367 pelagique
857 2295 990 2367 jacentis,

302 2375 346 2429 Vis
361 2374 466 2429 animae
482 2375 577 2430 divina
591 2375 665 2447 regit
679 2392 686 2442 ;
703 2391 841 2447 sacroque
856 2379 955 2429 meatu

302 2454 452 2525 Conspirst
464 2454 543 2521 deus,
559 2459 587 2509 ct
602 2454 689 2509 tacita
703 2454 816 2509 ratione
831 2456 982 2528 gubernat,

300 2536 334 2590 Et
347 2534 440 2590 multa
454 2534 484 2589 in
500 2536 617 2590 cunctas
633 2534 779 2606 dispensat
792 2534 902 2591 loedera
916 2539 1023 2607 partes,

300 2615 397 2669 Altera
410 2616 441 2668 ut
451 2614 570 2669 alterius
588 2613 663 2670 vires
678 2614 823 2686 faciatque
840 2615 982 2688 feratque,

301 2692 479 2765 Summaque
493 2709 545 2764 per
557 2692 650 2748 varias
665 2698 784 2750 maneat
799 2697 923 2766 cognata
936 2696 1044 2766 figuras
1058 2699 1081 2748 ³.

197 2844 500 2906 PorrostoiciDeum
509 2843 1073 2923 hominemquearctissimasocietate
1082 2845 1284 2925 conjunxere,

155 2943 395 3022 humanamque
418 2941 574 3002 rationem
596 2960 615 3001 a
637 2941 745 3002 divina
768 2943 892 3004 ratione
915 2941 1000 3003 velut
1020 2943 1141 3004 alonte
1160 2945 1286 3008 deriva-

155 3046 271 3102 verunt
287 3062 294 3100 :
311 3059 407 3120 quam
423 3038 611 3132 sententiam
625 3039 770 3101 Manilius
790 3040 839 3100 his
857 3040 998 3101 versibus
1017 3041 1204 3120 expressisse
1218 3063 1285 3105 cre-

155 3137 246 3199 ditur
263 3159 269 3197 :

302 3269 370 3334 Quis
386 3268 497 3324 dubitat
512 3271 578 3340 post
591 3269 653 3324 hacc
666 3267 817 3323 hominem
831 3269 1004 3340 conjungere
1016 3268 1108 3373 caalq‘?

304 3419 446 3474 Eximium
460 3423 563 3475 natura
577 3417 656 3474 dedit
671 3417 866 3488 linguamque,
882 3432 1029 3489 capaxque

300 3500 462 3572 Ingenium,
479 3501 683 3570 volucremque
703 3497 844 3568 animum,
862 3514 949 3569 quam
965 3497 1089 3570 denique
1105 3499 1136 3553 in
1150 3516 1241 3554 unum

302 3579 455 3634 Descendit
469 3581 545 3634 Deus
561 3582 646 3650 atque
658 3577 780 3645 habitet,
796 3578 949 3650 ipsumque
963 3577 1094 3650 requirit.

303 3727 371 3793 Quis
385 3731 488 3785 caelum
503 3729 603 3801 possit,
615 3728 672 3784 nisi
686 3729 748 3784 caeli
761 3745 892 3795 munere,
907 3727 1008 3784 nosse?

301 3810 336 3862 Et
349 3809 475 3880 reperire
489 3810 592 3877 Deum,
608 3807 661 3863 nisi
676 3808 726 3880 qui
738 3825 804 3881 pars
818 3808 880 3880 ipse
894 3809 1019 3865 Deorum
1035 3812 1080 3866 est
1095 3811 1115 3864 ⁵.

190 3959 213 4004 t.
230 3956 333 4020 Ferraz,
348 3971 388 4022 op.
403 3958 487 4016 laud„
504 3974 530 4021 p.
547 3961 586 4008 49.

189 4027 215 4074 2.
230 4025 343 4086 Astron„
358 4028 390 4092 ΙΙ,
406 4031 450 4091 60;
465 4031 571 4092 Ferru,
586 4043 627 4092 op.
644 4027 671 4086 l.‚
685 4042 714 4092 p.
729 4031 768 4077 ts.

191 4096 216 4144 3.
230 4095 304 4156 Ιὸἰά.,
319 4099 340 4160 Ι,
355 4100 414 4160 24Ἱ;
429 4101 534 4158 Ferrnz,
551 4113 591 4162 op.
608 4098 637 4156 l.,
654 4111 679 4160 p.
695 4099 733 4148 st.

192 4167 398 4220 alioversum
413 4170 547 4221 excidisse
561 4169 676 4220 Jacobus
688 4168 803 4232 judicat.

191 4239 215 4286 5.
230 4236 283 4297 td„
298 4238 372 4300 ibid„
387 4240 421 4303 ll,
436 4242 496 4303 1053
511 4241 614 4300 Fen-az,
630 4253 671 4303 op.
688 4237 715 4296 l„
732 4252 758 4302 p,
774 4241 813 4288 52.
