3184 5125
799 456 961 519 ..65-

339 597 467 670 Rursus
485 597 516 653 et
530 591 693 652 desinente
709 591 850 671 ejusdem
864 591 937 651 libri
952 590 1082 652 exordio
1098 609 1105 651 :

455 763 514 818 lloc
529 761 599 840 mihi
612 761 704 833 surgit
719 776 792 833 opus
807 777 863 816 non
877 761 942 816 ullis
957 763 1023 816 ante
1038 763 1182 816 sacratum

456 841 636 898 Carminibus
652 843 677 899 ¹.

353 1009 415 1067 Nec
430 1004 504 1064 satis
518 1004 552 1065 id
570 1003 761 1064 illustratum
779 1002 960 1078 arbitratur,
981 1009 1079 1082 utque
1098 1001 1193 1063 altius
1212 1001 1244 1061 in
1267 999 1442 1079 legentium

311 1105 437 1164 animos
452 1102 529 1162 illud
545 1101 689 1173 incutiet,
705 1100 777 1161 inde
793 1100 958 1161 exordium
973 1101 1102 1161 secundi
1117 1099 1189 1160 libri
1203 1099 1311 1161 sumit.
1327 1099 1364 1158 ln
1380 1117 1443 1179 quo

314 1206 449 1263 tractata
459 1199 650 1279 vulgataque
664 1199 703 1259 ab
716 1200 853 1260 Homero
869 1205 899 1259 et
914 1199 1048 1260 Hesiodo
1064 1205 1095 1260 et
1110 1198 1278 1259 Theocrito
1290 1203 1322 1258 et
1336 1196 1443 1257 multis

312 1299 384 1361 aliis
399 1304 565 1373 memorat,
581 1302 616 1357 ut
631 1296 710 1356 nihil
725 1296 792 1357 triti
806 1303 838 1356 et
854 1297 987 1377 expositi
1003 1316 1021 1356 a
1040 1316 1072 1357 se
1090 1296 1181 1376 prodi
1200 1295 1441 1376 perspiciamus,

312 1397 465 1477 additque
480 1397 548 1457 haee
564 1396 595 1456 in
611 1395 767 1456 honorem
782 1395 855 1454 novi
871 1395 956 1475 quod
972 1393 1109 1474 explicat
1123 1393 1238 1474 operis.

458 1561 550 1616 Omne
566 1577 655 1632 genus
669 1576 766 1614 rerum
781 1560 873 1615 doelae
889 1560 1016 1615 cecinere
1030 1575 1162 1626 sorores3

456 1640 556 1696 Omnis
571 1641 608 1694 ad
624 1656 756 1694 accessus
772 1640 915 1695 Heliconis
927 1640 1031 1696 semita
1045 1639 1113 1696 trita
1128 1643 1183 1707 est,

457 1719 491 1774 Et
503 1719 564 1790 jam
581 1717 691 1773 confusi
706 1722 830 1772 manant
843 1719 878 1773 de
891 1718 1020 1774 lontibus
1035 1735 1145 1787 amnes,

456 1799 513 1854 Nec
528 1798 645 1871 capiunt
658 1798 796 1853 haustum
810 1799 985 1870 turbamque
1000 1800 1037 1854 ad
1052 1803 1122 1854 uota
1136 1803 1279 1854 ruentem.

456 1879 565 1946 lnteqra
580 1893 743 1948 quaeramus
757 1880 887 1931 rorantes
900 1882 985 1950 prata
999 1876 1178 1949 pracbemus,

456 1957 626 2028 Undamque
639 1958 750 2012 occultis
764 1957 955 2012 meditantem
968 1974 1102 2012 murmur
1115 1956 1145 2012 in
1158 1956 1261 2025 antris,

456 2038 543 2102 Quem
554 2052 641 2107 neque
655 2037 754 2092 duroto
770 2043 919 2105 austerum
929 2054 975 2093 ore
988 2039 1119 2104 volueres,

455 2118 517 2187 lpse
531 2132 578 2172 nee
593 2117 706 2172 aetltereo
720 2116 836 2172 Pboebus
851 2117 978 2173 libaverit
992 2121 1061 2186 iqui.

454 2199 555 2256 Nostra
569 2199 687 2269 loquar;
704 2199 776 2253 nulli
789 2200 887 2252 vatum
902 2197 1072 2254 debebimus
1087 2215 1150 2267 ora,

455 2280 511 2334 Nec
525 2280 642 2345 furtum,
658 2277 709 2332 sed
723 2293 795 2348 opus
811 2278 913 2345 veniet,
928 2281 1038 2349 soleque
1053 2280 1183 2333 volamus

455 2357 487 2410 ln
502 2357 602 2411 caelum
617 2372 714 2426 curru,
724 2360 843 2426 propria
856 2360 918 2412 rate
933 2357 1069 2430 pellimus
1084 2356 1176 2412 undas
1191 2358 1213 2412 ¹.

352 2513 409 2576 Hic
428 2512 507 2575 alius
523 2513 598 2576 satis
613 2514 732 2576 dictum
748 2522 875 2597 putaret
892 2535 898 2579 :
915 2515 971 2577 sed
986 2535 1050 2578 non
1065 2515 1111 2577 ita
1129 2521 1238 2577 nostro
1258 2515 1361 2578 visum
1381 2521 1440 2578 est.

310 2614 430 2675 lterum
445 2613 542 2693 igitur
557 2614 597 2673 ab
612 2614 722 2674 eadem
737 2615 896 2676 cantilena
910 2615 1021 2676 tertius
1036 2614 1117 2675 liber
1131 2614 1264 2695 incipit:

453 2784 486 2837 ln
500 2798 571 2838 neco
585 2784 751 2854 surgentem
766 2784 937 2855 majoraque
951 2783 1057 2839 viribus
1070 2799 1186 2851 ausum,

456 2861 513 2915 Nec
527 2876 579 2931 per
592 2858 742 2917 inaccessos
756 2865 936 2917 metuentem
949 2863 1087 2918 invadere
1102 2861 1200 2923 saltus.

451 2937 561 3007 Ducite,
578 2939 714 2996 Pierides.
733 2943 842 2998 Vestras
858 2943 1001 2996 retrudere
1016 2946 1083 3012 fines

457 3016 552 3072 Conor
566 3021 596 3073 et
610 3018 712 3090 dignos
725 3018 755 3074 in
771 3020 899 3076 carmina
913 3021 1018 3077 ducere
1033 3025 1135 3077 cantus
1151 3022 1172 3077 ³.

352 3174 495 3255 Tumque
508 3194 540 3237 se
553 3196 610 3239 nec
625 3178 823 3257 Gigantmm,
840 3200 898 3242 nec
912 3182 1089 3262 Trojanum
1101 3183 1231 3256 bellum,
1243 3200 1302 3243 nce
1315 3183 1332 3243 J
1335 3182 1442 3243 aeonis

310 3268 407 3353 sacta,
421 3274 568 3338 Gadmive
582 3282 742 3357 septemve
757 3278 872 3340 ducum
888 3280 1096 3361 OEdipodisve
1108 3280 1243 3355 fabulas,
1254 3299 1313 3341 nec
1327 3281 1440 3341 Persa-

311 3386 383 3431 rum
396 3371 500 3435 clades
515 3380 570 3435 aut
583 3375 755 3437 Alexandri
769 3377 917 3439 victorias
931 3397 1044 3439 cauere
1059 3397 1125 3458 prae
1140 3398 1172 3439 se
1188 3378 1264 3453 iert3
1280 3380 1441 3439 Romanas

309 3467 407 3529 etiam
424 3488 484 3546 res,
499 3475 534 3532 ut
548 3472 713 3551 vulgatum
731 3473 850 3554 aliquid
866 3481 897 3535 ct
911 3475 1014 3555 facile,
1028 3482 1217 3556 aspamatur
1230 3476 1256 3548 ‚⁸-

345 3566 447 3643 Atque
456 3567 599 3647 equidem
608 3570 787 3632 Lucretium
798 3590 923 3652 quoque
934 3573 1063 3635 memini
1073 3573 1156 3635 idem
1168 3575 1232 3635 lere
1240 3573 1416 3654 professum
1428 3590 1436 3631 :

1078 3730 1138 3770 acri

454 3786 594 3841 Percussit
607 3788 708 3861 thyrso
724 3790 818 3846 laudis
833 3807 898 3864 spes
913 3808 1023 3865 magna
1036 3809 1136 3849 meum
1148 3809 1208 3863 cor,

455 3864 490 3919 Et
504 3864 590 3921 simul
605 3868 727 3925 incussit
741 3887 861 3927 suavem
874 3872 916 3928 mi
930 3871 961 3928 in
976 3876 1077 3946 pectus
1091 3890 1225 3931 amorem

343 4023 367 4070 t.
382 4021 497 4084 Astron„
511 4027 533 4089 1,
550 4029 605 4078 113.

344 4093 368 4141 2.
381 4092 458 4153 leid„
472 4096 506 4158 ll,
521 4100 603 4148 att-59.

345 4161 367 4210 3.
383 4162 462 4223 reid„
484 4166 526 4227 ΙΙΙ,
549 4169 596 4217 t-t.
618 4195 649 4207 -
668 4170 760 4229 Gener,
782 4175 807 4222 et
834 4173 929 4237 sliquos
950 4191 961 4226 .·
981 4177 1020 4227 sic
1036 4176 1163 4240 lacobus,
1182 4177 1291 4228 codices
1319 4176 1436 4233 sentus,

309 4230 497 4287 Gemblacensi
511 4242 632 4303 excepto,
648 4242 695 4305 qui
710 4242 823 4307 iretques
836 4246 925 4296 atlert.

343 4306 367 4354 t.
382 4302 459 4365 leid„
474 4306 519 4372 111,
534 4309 601 4358 5-26.
