3184 5125
644 446 805 510 ..63-

152 583 301 664 gentibus
320 580 519 658 vertentique
536 580 645 641 mundi
666 580 783 642 circulo
800 581 950 643 adversus
965 583 1124 644 tribuatur
1142 584 1221 645 ordo
1238 584 1285 646 in·

152 683 318 760 vicemque
344 677 531 739 contrarius.
559 677 591 738 Si
615 678 698 738 enirn
720 679 889 740 intervalla
910 680 1108 741 dinumerare
1131 681 1285 761 inceperis

151 780 287 842 adverso
301 776 399 854 signis
413 775 615 853 surgentibus
630 776 739 836 ordine
755 777 970 856 progrediens,
983 778 1119 857 primum
1135 778 1284 840 interval-

151 879 217 938 lum
233 875 318 936 inira
333 873 531 934 horizontem
547 873 587 933 ab
607 879 679 936 ortu
695 873 734 934 ad
756 875 857 934 imum
874 876 983 936 orbem
997 876 1138 955 pueritia
1154 877 1280 951 referes,

152 977 289 1036 alterum
312 970 353 1032 ab
379 971 442 1032 imo
464 971 539 1031 orbe
571 970 611 1032 ad
637 971 832 1033 horizontem
858 993 965 1034 rursus
995 993 1205 1055 occasumque
1227 974 1281 1054 ju-

152 1077 266 1143 ventae,
285 1069 413 1130 tertium
433 1088 530 1149 supra
545 1068 739 1130 horizontem
757 1071 797 1130 ab
813 1089 925 1132 occasu
941 1071 981 1133 ad
998 1091 1157 1132 summum
1173 1071 1282 1132 orbem

153 1169 287 1230 maturis
303 1168 405 1240 annis,
420 1173 569 1246 quartum
586 1167 721 1248 denique
737 1168 777 1228 ob
795 1169 872 1229 orbe
891 1188 1016 1230 summo
1031 1170 1071 1230 ad
1088 1169 1282 1231 horizontem

152 1285 324 1345 rursusque
354 1265 393 1326 ad
418 1269 523 1325 ortum
542 1271 675 1326 senectae
697 1284 704 1325 ε
730 1265 839 1339 itaut,
865 1271 1006 1327 vertente
1028 1267 1156 1340 circulo,
1181 1268 1284 1345 prima

152 1365 276 1428 oriatur
300 1363 441 1443 pueritia
468 1362 627 1440 assignata
656 1382 744 1442 pars,
775 1362 889 1424 ultima
914 1364 1078 1437 senectuti,
1109 1364 1282 1443 reddatque

152 1463 292 1524 scientiae
310 1461 390 1522 ratio
406 1479 516 1521 verum
534 1460 606 1520 vitae
621 1480 760 1522 cursum.
779 1465 848 1522 Non
861 1468 968 1522 autem
983 1481 1021 1522 ea
1035 1462 1181 1522 Manilius
1196 1480 1281 1522 com·

152 1561 257 1642 peruit
283 1577 417 1640 eumque
446 1577 512 1619 rem
542 1577 605 1618 nou
629 1559 754 1638 penitus
782 1567 998 1642 cognosceret,
1024 1579 1083 1620 neo
1109 1559 1282 1620 admodum

151 1659 355 1739 perspiceret,
373 1656 534 1736 quomodo
553 1675 585 1716 se
600 1656 743 1730 haberet,
760 1657 805 1717 ita
820 1656 988 1718 intervalla
1002 1657 1097 1718 variis
1115 1657 1188 1718 vitae
1204 1662 1282 1718 tem-

151 1756 285 1836 poribus
299 1755 414 1827 divisit,
430 1759 465 1813 ut
474 1753 609 1833 primum
625 1754 730 1815 locum
749 1774 845 1834 supra
858 1755 1052 1816 horizontem
1066 1755 1106 1816 ad
1121 1774 1280 1817 summum

152 1855 262 1916 orbem
275 1852 416 1933 pueritia
431 1851 531 1925 daret,
544 1857 727 1931 ceterosque
738 1853 885 1932 deinceps
898 1853 1098 1934 dinumerare
1112 1860 1278 1932 pergeret:

152 1956 293 2014 vertente
308 1950 405 2028 igitur
419 1949 547 2021 circulo,
565 1950 666 2010 oritur
680 1950 819 2031 primum
834 1951 1002 2012 senectutis
1022 1951 1175 2030 templum
1195 1945 1281 2029 quod

38 2057 57 2134 J
151 2050 235 2110 inira
250 2048 447 2109 horizontem
466 2048 505 2108 ad
528 2048 626 2107 imum
642 2047 752 2108 orbem
768 2048 961 2122 extenditur,
972 2048 1176 2126 pueritiaeque
1193 2045 1281 2107 locus

152 2147 254 2225 surgit
266 2146 406 2225 ultimus,
420 2163 491 2206 eum
506 2165 576 2226 quae
593 2163 666 2225 pars
680 2146 791 2205 muudi
804 2147 874 2224 jam
890 2144 1086 2205 horizontem
1107 2144 1278 2222 superavit,

152 2245 266 2305 ultima
287 2263 326 2304 ea
349 2244 388 2304 sit
411 2243 450 2303 ad
473 2249 577 2304 ortum
604 2243 753 2303 reditura.
783 2242 872 2302 Unde
899 2260 1015 2302 novam
1039 2259 1114 2302 sane
1144 2241 1279 2318 liguram

152 2342 317 2414 hebemus,
335 2360 406 2422 quae
430 2341 577 2401 humauae
600 2341 671 2401 vitae
698 2347 841 2401 tenorem
863 2340 907 2400 its
928 2341 1035 2412 refert,
1054 2345 1089 2399 ut
1109 2337 1240 2418 incipiat
1262 2357 1281 2397 a

151 2445 323 2517 senectute,
340 2458 360 2499 a
372 2439 507 2518 pueritia
522 2445 628 2498 autem
649 2438 789 2498 desinatl

190 2539 291 2600 Porro
303 2536 466 2600 adnotavit
478 2535 617 2615 Scaliger
628 2537 649 2611 ¹¹,
662 2555 726 2598 non
737 2535 836 2597 ullam
846 2536 911 2598 fere
926 2541 1107 2616 temporum
1123 2536 1279 2597 rationem

151 2636 183 2697 in
205 2636 318 2717 quinto
343 2636 424 2696 libro
444 2641 562 2696 rectam
583 2635 735 2696 assellis
755 2641 861 2695 autem
878 2634 1015 2713 explicat
1031 2635 1178 2705 Manilius
1199 2653 1279 2712 quos

152 2754 257 2795 mores
282 2734 423 2794 tribuant
445 2740 549 2795 cetera
572 2738 658 2793 astra
679 2733 712 2793 in
735 2733 902 2794 duodecim
929 2732 1025 2811 signis
1047 2731 1191 2804 orientia,
1209 2750 1279 2810 quae

152 2839 237 2895 astra
259 2832 292 2891 in
319 2831 433 2911 quibus
451 2830 613 2908 signorum
637 2830 788 2911 cujusque
815 2830 959 2911 partibus
979 2836 1112 2908 surgant
1133 2829 1278 2910 viresque

151 2930 280 2992 socient.
298 2931 339 2989 Et
353 2935 420 2989 erat
441 2947 515 2989 sane
535 2927 765 3008 expectandum
786 2930 819 2989 in
838 2948 872 2989 re
895 2934 995 3000 tanta,
1009 2928 1041 2988 in
1060 2946 1123 3007 qua
1143 2946 1194 2988 ars
1213 2933 1280 2988 tota

152 3027 243 3107 quasi
263 3026 483 3104 continebatur
506 3033 537 3088 et
554 3027 786 3103 cumulabatur,
810 3047 969 3089 summam
989 3026 1153 3088 scribentis
1170 3044 1279 3087 curam

150 3126 219 3187 lore
235 3131 270 3185 ut
284 3124 392 3185 omnia
411 3130 627 3204 componeret.
644 3126 684 3184 At
704 3125 850 3186 Manilius
872 3124 1046 3204 quamlibet
1064 3126 1206 3204 priorum
1226 3141 1278 3182 ra-

151 3222 272 3283 tionem
300 3222 493 3303 perscripsit,
508 3241 543 3283 ac
568 3242 607 3283 ne
627 3223 772 3300 quaesivit
796 3222 935 3299 quidem,
957 3240 1027 3300 quae
1052 3221 1084 3279 in
1103 3220 1183 3280 facie
1210 3219 1279 3279 eaeli

153 3326 276 3381 mutata
303 3327 441 3381 veterem
461 3321 529 3399 jam
553 3320 708 3379 rationem
727 3326 851 3378 mutare
870 3322 1035 3396 cogerent,
1057 3334 1114 3377 nee
1142 3334 1213 3392 quae
1240 3315 1278 3375 ad

152 3423 340 3499 praesentem
365 3418 434 3478 caeli
452 3418 567 3478 taciem
591 3415 827 3497 responderent.
849 3415 950 3493 Igitur
975 3413 1105 3474 vetustis
1129 3431 1186 3473 neo
1209 3412 1278 3491 jam

152 3516 246 3577 rectis
270 3516 409 3577 numeris
428 3521 603 3589 contentus,
618 3517 736 3575 Navem
756 3514 789 3574 in
810 3520 924 3594 quarto
951 3511 1065 3573 Arietis
1087 3511 1188 3590 gradu
1210 3529 1280 3571 sur·

153 3632 226 3692 gere
239 3611 324 3690 fecit,
338 3612 511 3674 camillam
529 3612 667 3692 Scaliger
682 3618 814 3673 testetur
828 3613 860 3673 in
876 3610 1041 3672 undecimo
1053 3610 1164 3671 Cancri
1180 3609 1280 3688 gradu

152 3715 220 3771 tum
233 3718 337 3772 ortam
351 3711 456 3790 fuisse,
472 3710 620 3791 Aquilam
636 3718 742 3771 autem
757 3711 790 3770 in
811 3709 998 3770 duodecimo
1018 3707 1147 3788 Aquarii
1163 3707 1277 3787 gradu,

151 3827 222 3887 quae
242 3815 311 3868 tum
328 3809 466 3894 quinque
485 3811 546 3869 iere
565 3808 651 3869 horis
671 3815 744 3868 ante
764 3808 825 3868 hoc
842 3813 968 3886 tempus
987 3806 1168 3866 oriebatur:
1190 3811 1221 3864 et
1241 3804 1279 3863 de

100 3912 103 3919 '
150 3906 263 3967 ceteris
282 3906 364 3966 false
381 3906 457 3967 item
477 3906 584 3967 omnia
599 3905 737 3966 tradidit.
756 3906 831 3977 Quae
846 3922 922 3965 vero
938 3903 1075 3965 scientiae
1093 3903 1171 3962 fides
1187 3919 1279 3979 supe·

183 4118 207 4165 l.
225 4115 354 4177 Scaliger,
373 4128 399 4177 p.
418 4116 462 4166 251
482 4119 509 4165 et
527 4117 581 4165 292,
600 4114 716 4173 «Quare
734 4112 860 4163 videmus
880 4112 1024 4163 manifesto
1046 4115 1074 4162 et
1092 4111 1230 4161 Manilium
1253 4113 1280 4161 et

153 4187 298 4236 Firmicum
322 4187 446 4237 homiues
470 4184 699 4253 ἀναστρολογήτους
721 4186 816 4245 luisse,
834 4199 865 4235 ae
884 4184 944 4234 illos
964 4184 1023 4233 sine
1043 4183 1098 4234 ullo
1118 4184 1225 4233 delectu
1248 4196 1281 4232 ea

150 4270 212 4320 quae
226 4258 273 4308 alii
286 4256 352 4306 caelo
365 4257 562 4308 conveniebant
580 4257 671 4307 italico
686 4256 913 4308 accommodasse.
929 4256 996 4307 Nam
1012 4255 1164 4307 differentia
1177 4259 1219 4305 est
1234 4252 1280 4303 Xll

153 4328 290 4391 graduum
305 4326 369 4377 iere.
382 4346 395 4373 »
414 4328 451 4393 (P.
467 4329 533 4392 251.)
