3184 5125
669 548 746 634 DE

176 719 178 725 ’
283 804 721 986 ulmum
797 806 1127 986 noum

470 1153 692 1245 nuusoun
735 1125 943 1233 inunum

572 1948 840 2025 PROOEMIUM

181 2250 228 2309 llx
251 2267 313 2329 quo
339 2248 477 2327 primum
503 2245 772 2325 Regiomontanus
795 2247 1013 2309 astronomica
1036 2248 1135 2311 edidit
1154 2249 1177 2326 ¹,
1202 2251 1272 2330 plu-

141 2346 213 2407 rimi
234 2352 264 2407 et
282 2344 455 2406 doctissimi
476 2344 533 2405 viri
557 2344 746 2405 illustrando
767 2350 799 2405 et
819 2345 1018 2407 emendando
1038 2346 1113 2409 huic
1131 2350 1271 2428 poemati

142 2440 250 2505 curam
279 2444 518 2523 impenderunt.
546 2442 758 2517 Memorandae
787 2448 893 2504 autem
923 2442 957 2503 in
984 2444 1093 2525 primis
1123 2446 1270 2526 quaedam

141 2542 305 2614 editiones,

180 2641 244 2704 Jos.
260 2642 419 2702 Sentinum
434 2638 587 2721 (Parisiis,
604 2638 823 2720 in-8⁰,1579).
1216 2570 1251 2691 ii

182 2741 267 2800 ilion.
284 2741 431 2800 Bonunnu
446 2735 604 2812 (londini,
623 2738 711 2810 1739,
728 2737 838 2818 in-40).

181 2839 265 2897 an.
283 2836 388 2898 licon
401 2834 561 2917 (Berolini
579 2835 668 2914 1846,
685 2833 791 2915 in·8⁰).

182 2936 321 3006 Quarum
345 2932 490 2994 ultimam
515 2951 612 3012 usque
644 2951 714 2993 sum
739 2937 873 3005 secutus,
903 2933 1027 3020 quoties
1050 2933 1130 2994 mihi
1150 2934 1270 2998 Manilii

142 3051 248 3093 versus
269 3032 301 3090 in
323 3030 383 3092 hoc
406 3030 558 3111 opusculo
584 3029 735 3091 laudandi
757 3031 896 3092 luerunt.
917 3032 1105 3112 Quanquam
1129 3051 1195 3092 non
1221 3053 1269 3094 me

143 3130 234 3203 fallit,
251 3148 317 3190 non
331 3147 405 3190 sane
419 3128 531 3190 Jacobi
546 3147 625 3208 opus
639 3127 729 3189 omni
747 3128 824 3189 vitio
845 3147 961 3190 carere.
979 3131 1070 3208 Nam,
1088 3129 1114 3190 si
1132 3129 1270 3193 Malvino

142 3229 274 3289 Bechert
298 3225 495 3304 'credimus,
521 3225 637 3288 erravit
663 3226 814 3304 decenne,
832 3245 904 3286 cum
933 3226 1121 3287 Manilianas
1147 3226 1271 3290 codices

143 3326 298 3387 aestimare
308 3328 441 3385 conatus
451 3328 498 3383 est
510 3329 541 3383 et
551 3323 590 3383 de
603 3323 755 3401 cujusque
769 3321 957 3381 auctoritate
973 3326 1004 3381 et
1017 3320 1078 3380 fide
1094 3320 1266 3401 disputare.

142 3423 286 3495 Quicum
308 3421 482 3483 octodecim
500 3437 632 3480 numero
653 3418 727 3492 sint,
747 3422 883 3497 quatuor
902 3417 1014 3478 ceteris
1031 3419 1269 3498 anteponendos

141 3539 206 3582 esse
219 3519 352 3580 Bechect
366 3518 515 3592 ostendit,

181 3617 242 3699 (G.)
258 3613 627 3696 Gemblacense1n(xvel
644 3632 676 3675 m
691 3612 798 3675 seculo
814 3612 1030 3694 descriptum),

179 3715 242 3797 (L.)
258 3715 449 3795 Lipsiensem
465 3713 509 3793 (m
528 3713 580 3793 s),

135 3875 138 3880 .
181 3814 228 3894 (V.
245 3812 275 3894 l)
291 3813 478 3874 Vossianum
494 3810 631 3890 primum
646 3809 712 3891 (xm
726 3809 778 3890 s),

180 3913 229 3991 (V.
246 3909 277 3990 ἓ)
293 3910 480 3972 Vossianum
496 3907 667 3970 secundum
684 3906 736 3988 (xv
751 3907 803 3988 s).

178 4010 257 4069 dum
287 4007 445 4086 scaligero
475 4006 603 4086 quidem
631 4012 663 4067 et
691 4006 832 4068 Bentleio
860 4007 1006 4068 convenit
1033 4005 1182 4085 Bechcrt‚
1214 4009 1269 4089 qui

171 4199 192 4245 1.
209 4197 404 4258 Norimbengae,
420 4209 442 4244 s.
459 4195 485 4244 d.
500 4193 609 4257 limi]-

168 4270 193 4316 2.
202 4268 239 4317 De
249 4268 283 4317 Μ.
293 4267 396 4317 Manilii
405 4264 560 4317 emendandi
569 4265 681 4321 ratione,
692 4263 801 4326 scripsit
811 4264 942 4316 Malviuus
949 4266 1072 4329 Beonan,
1080 4267 1186 4330 Lipsius,
1197 4265 1267 4316 1878.

212 4357 326 4414 Lnnson.
1111 4356 1125 4410 l
