3184 5125
798 438 958 501 ...82-

453 573 526 630 lline
538 572 714 628 lenocinium
732 573 833 628 formae
847 573 998 644 cultusque
1012 573 1143 644 repertus

454 652 598 725 Corporis,
611 656 700 724 atque
717 669 787 708 auro
804 651 925 724 quaesita
939 655 983 707 est
996 651 1092 723 gralia
1109 649 1223 720 frontis,

453 734 563 806 Perque
578 736 665 804 caput
679 732 757 787 ducti
771 731 893 802 lapides,
911 748 963 802 per
976 731 1051 787 colla
1064 747 1235 802 manusque,

451 814 486 868 lit
499 811 620 885 pedibus
635 810 722 866 niveis
741 811 882 866 fulserunt
900 827 990 866 aurea
1004 811 1106 865 vinela.

454 893 530 958 Ouid
543 893 639 965 potius
653 897 789 946 matrona
798 890 866 946 velit
880 894 1002 947 tractare
1018 895 1140 960 creatos,

453 973 546 1038 Quam
559 971 668 1027 facturn
682 987 816 1026 revocare
835 987 903 1026 suos
919 970 998 1042 quod
1011 970 1103 1042 possit
1117 971 1155 1026 ad
1169 987 1238 1027 usus
1253 975 1277 1025 ¹.

310 1128 390 1186 Tum
405 1125 609 1188 funambulus

450 1287 483 1341 ln
495 1288 643 1357 praerupta
657 1283 738 1350 dabit
751 1283 880 1339 studium
895 1283 1056 1354 rendetque
1070 1282 1178 1355 periclo

450 1364 617 1438 Ingenium3
634 1381 667 1420 ac
680 1365 784 1420 tenues
801 1380 890 1419 ausus
906 1363 967 1418 sine
982 1363 1074 1418 limite
1087 1379 1204 1435 gressus

451 1447 535 1502 Certa
549 1462 602 1516 per
616 1447 747 1501 extentos
761 1447 853 1515 ponet
864 1443 987 1515 vestigia
1001 1443 1094 1510 funes,

450 1525 485 1578 Et
500 1525 560 1580 eaeli
575 1524 731 1580 meditatus
746 1523 802 1580 iter
816 1522 937 1596 vestigia
951 1523 1061 1594 perdet,

450 1607 470 1657 E
481 1619 577 1676 penna
592 1608 621 1659 et
629 1605 759 1676 pendens
770 1605 910 1676 populum
926 1603 1082 1674 suspendet
1090 1603 1127 1658 ab
1139 1601 1202 1675 ipso
1217 1603 1239 1659 ².

306 1771 448 1852 Denique
463 1779 619 1854 apparent
633 1773 689 1853 qui
703 1773 786 1834 feras
799 1772 1053 1834 mansuefaeinnt
1069 1791 1077 1834 :

449 1951 499 2007 llle
514 1967 603 2006 manu
617 1953 713 2006 vastos
730 1950 838 2023 poterit
854 1949 970 2006 frenare
984 1951 1096 2020 leones,

447 2031 483 2086 Et
494 2031 612 2102 palpare
631 2031 725 2102 lupos,
740 2030 889 2102 pantheris
903 2029 1005 2086 ludere
1020 2029 1121 2101 captis,

446 2110 503 2165 Nec
517 2109 607 2182 lugiet
621 2109 730 2165 validas
745 2109 861 2181 cognati
877 2108 979 2164 sideris
994 2125 1087 2178 ursas,

449 2191 537 2261 lnque
552 2195 629 2246 artes
642 2190 795 2245 hominum
811 2206 1002 2261 perversaque
1015 2204 1139 2244 munera
1153 2187 1253 2256 ducet3

447 2271 496 2326 llle
511 2270 666 2342 elephanta
680 2273 791 2341 premat
805 2269 901 2340 dorso,
916 2269 1097 2340 stimulisque
1113 2267 1242 2324 monebit

448 2349 579 2421 Turpiter
593 2350 624 2404 in
638 2353 720 2405 tanto
736 2351 887 2405 cedentem
901 2350 1029 2421 pondere
1043 2348 1165 2420 punctis.

446 2428 496 2482 llle
510 2427 609 2500 tigrim
623 2428 701 2483 rabie
717 2430 807 2484 solvet
824 2428 946 2499 pacique
963 2427 1104 2492 domabit,

449 2507 575 2581 Quaeque
591 2508 647 2565 alia
665 2508 804 2565 infestant
817 2507 895 2564 silvis
912 2507 1049 2564 animalia
1061 2511 1165 2577 terras,

446 2589 551 2661 iunget
566 2588 692 2644 amicitia
707 2589 829 2645 secum³
832 2628 885 2643 .....

344 2760 387 2819 Ac
400 2758 540 2838 proiecto
554 2759 668 2821 horum
679 2760 822 2819 omnium
838 2776 952 2833 mores,
969 2763 1064 2832 artes,
1076 2757 1262 2819 industriam
1277 2756 1380 2819 vivide
1394 2778 1433 2820 ac

303 2855 407 2936 lepide
415 2856 558 2916 Manilius
566 2858 727 2935 expressit.
740 2858 810 2917 Non
818 2861 925 2916 tamen
936 2874 1064 2936 possum
1073 2855 1149 2935 quin
1160 2855 1306 2935 cogitem,
1317 2874 1356 2917 ea
1364 2875 1430 2918 esse

304 2951 527 3032 quaehomines
538 2953 656 3013 otiosos
666 2971 771 3012 rerum
782 2953 1004 3027 admiratione,
1014 2952 1239 3015 sententiarum
1248 2954 1431 3029 festivitate,

303 3048 547 3129 descriptionum
556 3047 728 3110 subtilitate
742 3049 908 3111 delectent.
917 3051 957 3110 At
965 3051 992 3111 si
1005 3052 1075 3130 quis
1085 3052 1263 3131 astrologiae
1273 3052 1429 3114 sinceram

302 3146 397 3209 fidem
418 3146 619 3227 studiumque
638 3147 793 3209 fervidum
814 3147 1021 3228 prestitisset,
1037 3167 1115 3209 num
1138 3149 1216 3210 talia
1236 3150 1431 3230 scripsisset?

302 3265 378 3307 num
393 3245 511 3326 scripta
525 3246 705 3308 laudasset?
719 3248 838 3325 Nempe
857 3246 986 3308 Manilio
997 3246 1110 3308 merito
1124 3246 1239 3327 aliquis
1257 3247 1427 3309 inclamet:

304 3367 319 3401 u
338 3343 418 3417 Quid
442 3343 604 3406 rhetorem
625 3364 661 3406 ac
680 3344 837 3405 ludicrum
860 3344 1023 3405 hominem
1042 3343 1110 3423 agis
1129 3344 1212 3405 inre
1230 3364 1302 3424 quae
1322 3346 1428 3423 gravi·

300 3446 399 3501 tatem
415 3447 445 3502 et
460 3442 681 3503 auctoritatem
696 3430 819 3524 poscit‘l
831 3442 888 3503 Hie
903 3441 1093 3520 docendum,
1109 3460 1174 3502 non
1189 3442 1375 3503 ludendum.
1390 3443 1428 3503 nt

300 3542 421 3599 tuamet
435 3538 501 3618 ipsc
514 3540 669 3601 sententia
682 3539 883 3601 damnandus
897 3559 942 3615 es,
959 3540 1014 3619 qui
1029 3539 1181 3619 scripsisti
1197 3557 1205 3601 ι

443 3708 545 3765 Ornari
559 3726 605 3767 res
619 3711 787 3784 ipsanegat,
803 3714 939 3767 contente
953 3709 1061 3766 doceri.

298 3865 361 3926 Aut
386 3869 650 3950 operaepretium
678 3876 735 3946 est,
761 3876 810 3931 tot
833 3875 864 3931 et
892 3875 982 3931 tanta
1005 3869 1044 3930 de
1069 3872 1226 3930 astrorum
1251 3862 1374 3927 naturis
1395 3866 1424 3922 et

298 3963 429 4041 viribus,
442 3966 543 4047 deque
557 3967 677 4029 cunctis
692 3968 802 4030 mundi
819 3967 929 4045 figuris
947 3985 984 4028 ac
1004 3966 1147 4046 partibus
1164 3962 1362 4044 explicuisse,
1378 3964 1420 4032 ut,

331 4156 352 4204 l.
369 4157 449 4219 Mam,
464 4160 580 4218 Astron,
596 4160 627 4224 V,
643 4162 698 4211 516.

329 4228 351 4275 2.
368 4228 418 4291 Id.,
435 4226 509 4287 ibid,
525 4232 556 4291 V,
573 4232 627 4281 652.

329 4296 352 4348 3.
368 4298 419 4361 lo,
432 4298 505 4358 ibid„
521 4302 552 4363 V,
566 4302 620 4351 702.
