3184 5125
328 590 458 665 faciunt,
481 606 551 649 eum
578 584 784 647 homines'ad
812 590 896 645 recte
921 583 1079 664 agendum
1108 582 1330 660 adhortantur,
1359 607 1458 668 quana

327 690 457 769 vulgus,
487 704 557 746 cum
593 683 634 744 ad
669 702 745 762 opes
779 688 811 742 et
845 682 1020 761 potentiam
1047 700 1218 760 rerumque
1250 690 1454 747 externarum

327 789 463 848 fructum
487 783 615 844 enititur
632 803 639 842 ι
650 782 717 861 jam
741 779 825 842 enirn
845 779 1037 840 credendum
1059 785 1116 852 est,
1134 786 1170 840 nt
1186 787 1279 841 extra
1299 783 1453 859 animum,

327 887 372 946 ita
395 885 478 944 intra
492 881 631 942 animum
647 878 804 940 dominari
828 883 924 951 astra,
941 883 1108 955 totumque
1131 877 1293 939 hominem
1316 879 1452 944 hominis

235 1010 240 1024 ·
327 981 457 1044 arbitrio
475 978 675 1039 subductum.
690 975 768 1037 Boni
783 975 880 1053 igitur
891 975 1008 1035 erimus
1020 981 1075 1034 aut
1090 974 1177 1052 mali,
1190 975 1327 1054 benigne
1342 978 1455 1041 adver—

326 1100 379 1141 sus
391 1078 535 1139 homines
550 1081 604 1136 aut
617 1073 745 1135 sceleste
760 1092 902 1153 agemuS,
917 1078 1012 1152 prout
1023 1073 1228 1133 destinabunt
1244 1080 1346 1151 astra3
1361 1077 1452 1138 inter·

326 1176 513 1256 rogantique
541 1173 579 1233 de
605 1172 689 1233 furto
713 1176 768 1232 ant
788 1170 886 1244 caede,
907 1176 939 1231 et
959 1170 1137 1250 increpanti
1156 1189 1272 1250 pravos
1291 1191 1396 1235 mores
1416 1195 1455 1237 ac

325 1273 444 1336 nefarie
464 1272 558 1346 facta,
575 1277 728 1351 tanquam
748 1269 785 1330 de
812 1289 845 1329 re
874 1268 977 1328 aliena
1002 1287 1094 1348 aequo
1119 1269 1225 1328 animo
1248 1272 1449 1350 respondebi-

325 1393 407 1447 mus
423 1369 591 1449 horoscopi
614 1368 645 1428 id
669 1362 747 1429 esse.
765 1368 900 1447 Jamque
922 1385 986 1426 non
1011 1365 1162 1426 laudandi
1184 1365 1225 1427 ob
1248 1367 1395 1443 virtutes,
1411 1370 1456 1431 ob

324 1470 401 1531 vitia
415 1488 479 1529 non
498 1466 658 1546 culpandi,
675 1483 738 1524 non
757 1464 839 1524 bene
859 1481 917 1543 pro
937 1462 1040 1541 bonis,
1057 1481 1158 1544 neque
1177 1483 1234 1542 pro
1254 1465 1348 1526 malis
1369 1468 1455 1530 male

325 1565 526 1637 merebimur,
543 1563 676 1641 ideoque
698 1581 762 1622 non
780 1561 849 1640 jam
872 1560 1021 1635 hominis,
1038 1561 1093 1622 sed
1115 1561 1173 1622 fati
1196 1568 1227 1622 et
1246 1564 1337 1641 quasi
1362 1570 1453 1626 extra

322 1663 484 1724 hominem
506 1662 567 1721 erit
590 1659 744 1740 sapientia
769 1679 776 1720 τ
803 1665 835 1719 et
857 1659 902 1718 ita
924 1659 1140 1732 decernemus,
1161 1666 1313 1740 tanquam
1340 1663 1453 1724 Catoni

322 1759 469 1822 acciderit
489 1758 612 1819 fortiter
633 1777 736 1836 agere,
755 1763 908 1836 tanquam
931 1757 1053 1818 Socrati
1072 1757 1220 1818 accinet
1239 1759 1320 1820 bene
1335 1761 1451 1841 vivere,

322 1858 440 1938 optime
456 1857 548 1934 mori,
561 1875 623 1916 non
638 1855 729 1916 aliter
742 1873 838 1933 quarn
850 1854 967 1915 rustico
983 1854 1113 1916 uberem
1128 1862 1266 1935 segetem
1279 1857 1448 1937 demetere,

322 1955 512 2036 negotiatori
533 1954 721 2014 immensam
744 1953 912 2032 pecuniam
936 1971 1138 2032 comparare3
1164 1973 1221 2015 nec
1249 1955 1320 2016 illos
1352 1957 1455 2036 pluris

322 2074 418 2136 quarn
433 2054 492 2114 hos
508 2050 744 2114 aestimabimus.

362 2154 439 2213 Gom
461 2158 567 2212 tamen
591 2149 778 2236 intelligeret
801 2147 948 2208 Manilius
970 2155 1126 2228 quantum
1147 2167 1184 2209 ea
1204 2149 1359 2226 doctrina,
1386 2171 1446 2213 non

321 2250 492 2311 stoicorum
513 2247 659 2320 inventis,
680 2246 734 2307 sed
756 2246 917 2307 communi
943 2246 1065 2324 generis
1087 2246 1219 2307 humani
1247 2249 1390 2328 opinioni
1411 2250 1447 2310 de

320 2347 405 2408 bono
420 2353 452 2407 et
467 2346 556 2406 malis
569 2350 771 2424 repugnaret,
787 2363 825 2405 ea
846 2343 960 2423 adjecit
975 2343 1017 2404 ad
1032 2345 1260 2405 restituendum
1276 2365 1369 2407 suum
1388 2347 1448 2408 rir-

322 2445 381 2506 tuti
395 2445 546 2504 honorem
566 2459 573 2503 :

462 2614 520 2669 Nec
532 2616 630 2667 tamen
644 2613 706 2667 haec
719 2612 793 2668 ratio
808 2611 919 2667 facinus
934 2612 1088 2667 defendere
1102 2612 1207 2683 pergit,

459 2694 634 2748 Virtutemve
650 2692 708 2746 suis
724 2692 856 2747 fraudare
871 2691 902 2746 in
917 2691 1038 2763 praemia
1053 2692 1146 2747 donis.

460 2774 534 2827 Nam
549 2789 642 2844 neque
657 2771 820 2827 mortiferas
834 2773 985 2843 quisquam
1001 2772 1093 2843 magis
1109 2769 1203 2827 oderit
1215 2772 1330 2841 herbas,

461 2852 544 2916 Quod
558 2867 617 2906 non
632 2851 751 2905 arbitrio
767 2850 893 2918 veniunt,
911 2852 962 2906 sed
978 2851 1088 2906 semine
1102 2856 1180 2906 certo
1198 2869 1205 2907 ε

372 2990 373 2995 1
460 2930 559 2985 Gratia
573 2945 626 2984 nec
637 2929 727 2985 levior
737 2930 880 2984 tribuetur
894 2931 1025 2986 dulcibus
1040 2930 1124 2994 eseia,

461 3008 544 3073 Quod
558 3012 662 3063 natura
676 3008 756 3063 dedit
771 3009 879 3080 fruges,
894 3026 953 3065 uon
968 3010 1026 3065 ulla
1039 3010 1179 3065 voluntas.

462 3088 509 3143 Sic
521 3087 674 3143 hominum
689 3087 799 3143 meritis
812 3092 894 3143 tanto
909 3089 945 3143 sit
961 3088 1053 3161 gloria
1071 3090 1174 3159 major,

461 3169 543 3233 Quod
560 3167 629 3223 caelo
645 3168 791 3239 gaudente
806 3168 883 3222 venit
896 3185 902 3223 :
915 3184 1070 3240 rursusque
1084 3172 1220 3223 nocentes

460 3247 612 3304 Oderimus
627 3248 731 3319 magis,
747 3248 777 3302 in
792 3248 906 3320 eulpam
922 3265 1079 3321 poenasque
1094 3252 1218 3305 creatos.

459 3330 516 3385 Nec
529 3329 628 3395 refert,
643 3328 737 3383 scelus
754 3328 832 3382 unde
847 3329 925 3383 cadit
941 3345 948 3383 z
966 3328 1058 3383 scelus
1075 3345 1135 3383 esse
1150 3327 1311 3383 fatendum.

460 3410 518 3463 Hoc
533 3425 646 3480 quoque
661 3407 750 3463 fatale
766 3413 818 3476 est,
836 3408 876 3463 sic
891 3408 987 3479 ipsum
1003 3408 1166 3479 expendere
1182 3408 1272 3463 fatum
1289 3412 1310 3462 ¹.

316 3602 353 3663 ln
372 3601 544 3662 bisantem
564 3602 678 3663 iterum
696 3602 875 3681 profitetur,
894 3609 927 3663 ut
944 3608 1060 3664 natura
1080 3604 1199 3682 fruges,
1220 3604 1265 3664 ita
1284 3604 1363 3668 caelo
1383 3605 1448 3665 vir·

317 3704 416 3760 tutem
439 3698 550 3775 tribui,
571 3719 672 3780 neque
696 3719 767 3761 eam
792 3700 893 3779 magis
916 3720 974 3781 per
995 3701 1130 3762 liberum
1152 3701 1325 3762 voluntatis
1349 3721 1443 3763 cona-

316 3803 385 3859 tum
405 3816 501 3877 quam
518 3816 633 3859 messes
655 3798 814 3877 occupari.
834 3797 940 3859 Scelus
960 3805 1066 3859 autem
1086 3798 1304 3860 detestandum
1327 3818 1364 3861 eo
1381 3806 1444 3860 tan-

316 3901 385 3957 tum
400 3895 527 3957 nomine
541 3896 627 3969 facit,
645 3895 730 3975 quod
749 3896 860 3957 eadem
878 3896 955 3969 fata,
973 3916 1043 3975 quae
1061 3897 1180 3958 scelera
1200 3896 1324 3957 admitti
1338 3897 1442 3957 volue-

316 4000 402 4068 runt,
423 3993 515 4054 simul
534 3999 707 4055 sanxerunt
725 4000 759 4053 ut
782 3994 1012 4071 castigarentur
1038 3994 1157 4057 scelera
1180 4002 1212 4056 et
1235 3994 1308 4056 odio
1329 4000 1444 4056 essent.

317 4089 408 4161 Quod
435 4110 499 4152 non
523 4092 694 4153 stoicorum
720 4091 896 4171 disciplinae
921 4093 1067 4170 congruit
1097 4110 1104 4154 :
1137 4092 1190 4153 sed
1220 4092 1320 4153 multo
1345 4092 1445 4172 magis

350 4328 372 4377 t.
388 4326 503 4385 Astron,
519 4328 561 4386 lV,
578 4329 687 4379 rostra.
