3184 5125
814 471 954 535 ..g-

320 606 399 669 lious
414 605 541 685 quidem
556 604 784 666 existimandus
799 610 857 665 est.
872 607 951 669 Nam
969 603 1044 666 m'ris
1057 604 1245 665 doctissimis
1262 604 1414 667 Bentleio
1431 614 1465 669 et

319 704 438 769 Jacobo
455 704 557 765 visum
584 707 630 764 est
644 702 727 763 male
750 701 842 763 illum
868 702 966 764 latine
990 702 1080 779 scire,
1096 720 1134 763 ac
1159 700 1247 764 velut
1277 702 1464 765 barbarum

319 802 447 865 doctam
466 800 601 863 Romani
622 800 777 861 sermonis
797 798 989 879 elegantiam
1010 819 1125 881 parum
1146 800 1279 862 delicate
1293 806 1464 876 tractare;

321 899 405 961 unde
420 899 473 959 ille
492 897 663 959 Asiaticam
679 898 701 971 ¹,
717 897 767 958 hic
783 897 991 959 Africanum²
1008 905 1133 979 poetam
1150 916 1217 959 esse
1238 897 1348 961 voluit.
1372 899 1462 972 Quid

321 1015 493 1058 memorem
517 995 698 1056 Merkelium
725 994 769 1057 ita
795 995 897 1057 Ovidii
918 996 999 1056 lbim
1018 995 1283 1076 intellexissent,
1302 995 1334 1056 in
1354 1015 1460 1077 quem

320 1094 522 1156 inveheretur
551 1092 678 1155 Ovidius
707 1092 871 1166 acerrime,
902 1100 1046 1155 nostrum
1074 1112 1141 1155 esse
1169 1098 1306 1173 putaret,
1334 1113 1460 1171 genere

318 1191 501 1272 AEgyptium
524 1190 558 1250 ³?
581 1208 674 1270 quam
701 1190 883 1271 opinionem
908 1190 1067 1252 levissima
1090 1191 1128 1252 de
1153 1208 1259 1270 eausa,
1280 1210 1320 1252 ne
1344 1192 1459 1253 dicam

318 1289 418 1364 nulla,
439 1293 630 1369 susceptam,
651 1288 816 1349 enuntiare
836 1288 924 1366 libet,
945 1287 1087 1350 refellere
1108 1288 1148 1349 sit
1165 1307 1455 1369 supervacaneum.

317 1389 399 1449 Num
419 1393 538 1461 autem,
554 1386 660 1447 virum
677 1385 834 1447 eruditum
855 1386 953 1448 secuti
968 1386 992 1460 ⁴,
1014 1404 1072 1447 nec
1092 1385 1234 1447 Bentleio
1253 1404 1311 1449 nec
1326 1386 1456 1449 lacobo

317 1484 368 1545 vel
382 1485 588 1545 assentiemus
602 1484 652 1543 vel
666 1484 928 1560 contradicemus,
944 1490 976 1544 et
992 1490 1158 1564 utramque
1173 1485 1363 1545 sententiam
1380 1504 1458 1564 pro-

318 1580 456 1642 babilem
476 1581 637 1653 ducemus,
653 1585 798 1641 neutram
817 1580 919 1642 altera
937 1582 1114 1661 potiorem?
1132 1584 1213 1643 Num
1230 1582 1311 1642 adeo
1326 1581 1457 1645 ineerta

318 1697 367 1740 res
390 1678 585 1739 dimittetur?
606 1679 706 1750 Quam
726 1678 985 1753 controversiam,
1007 1684 1043 1739 ut
1060 1684 1214 1758 quantum
1235 1679 1268 1739 in
1286 1679 1381 1741 nobis
1404 1686 1457 1741 est

317 1776 514 1855 dirimamus,
538 1775 618 1836 illud
643 1774 812 1855 inprimis
837 1783 885 1837 est
911 1776 1239 1855 animadvertendum,
1264 1777 1290 1837 si
1316 1777 1454 1857 quando

315 1873 461 1935 Manilius
479 1873 651 1935 novitatem
676 1873 779 1953 operis
794 1873 1008 1947 commendat,
1025 1873 1100 1935 trite
1114 1880 1313 1955 tractataque
1327 1894 1347 1936 a
1363 1881 1454 1938 vete

316 1972 403 2033 ribus
418 1971 533 2033 Graecis
547 1977 735 2049 argumenta
748 1970 788 2032 ab
805 1989 842 2033 eo
858 1972 1039 2047 memorari,
1054 1974 1214 2033 Romanos
1228 1978 1334 2033 autem
1350 1974 1453 2053 scrip

315 2075 401 2131 tores
416 2069 553 2131 secundo
568 2069 648 2130 libro
664 2068 794 2130 omnino
809 2069 1049 2149 pretermissas,
1066 2070 1160 2131 tertio
1177 2069 1231 2130 vix
1248 2070 1452 2150 paucissimis

315 2168 418 2230 obiter
432 2168 535 2230 verbis
554 2168 667 2246 attingi
683 2168 715 2228 ⁵?
730 2167 819 2229 Unde
838 2186 896 2229 nec
916 2167 1129 2246 ignorantiam
1149 2186 1207 2229 nec
1225 2172 1449 2247 contemptum

269 2258 272 2265 ’
313 2273 416 2346 poetae
437 2284 568 2343 arguam
589 2266 601 2303 ⁶
623 2284 629 2326 :
651 2265 705 2326 sed
725 2266 800 2345 qnia
819 2265 852 2325 in
871 2266 975 2340 Graio,
991 2271 1027 2325 ut
1045 2266 1090 2326 ita
1109 2265 1224 2339 dicam,
1241 2265 1317 2327 orbe
1337 2272 1448 2345 natus,

316 2364 450 2442 ideoque
467 2364 493 2423 si
510 2380 574 2423 non
591 2363 624 2422 in
643 2363 775 2436 Graeoia,
794 2363 827 2423 in
848 2362 922 2423 Asia
941 2367 1025 2423 certe
1047 2362 1147 2423 Graiis
1168 2362 1310 2423 moribus
1328 2382 1365 2424 ae
1383 2363 1447 2424 dis-

315 2459 438 2539 ciplinis
452 2458 585 2533 imbuta,
599 2459 705 2540 ibique
723 2459 875 2522 educatus
890 2466 921 2521 et
935 2459 1096 2520 institutus
1115 2460 1229 2534 luerat,
1246 2460 1398 2538 vigebant
1412 2461 1446 2521 in
1466 2478 1468 2481 ⁴

313 2556 468 2620 memoria
483 2556 550 2637 ejus
566 2556 673 2619 omnia
688 2556 851 2619 Graiarum
868 2557 1044 2619 litterarum
1059 2556 1217 2639 exempla,
1230 2563 1261 2620 et
1273 2558 1446 2639 praesentia

312 2674 437 2736 semper
456 2675 492 2718 ac
508 2654 614 2716 vivida
632 2653 717 2716 ultro
736 2654 955 2729 exundabant3
977 2656 1128 2717 Romanae
1140 2675 1217 2718 vero
1232 2655 1356 2731 litterae,
1374 2661 1443 2717 tar-

313 2753 402 2814 diore
419 2771 496 2814 cura
519 2758 550 2814 et
574 2751 694 2832 majore
719 2751 828 2813 labore
852 2751 985 2825 haustae,
1005 2770 1068 2814 non
1092 2753 1152 2814 nisi
1175 2752 1341 2815 meditanti
1365 2753 1440 2815 ade-

312 2856 397 2926 rant,
410 2869 512 2931 neque
528 2850 604 2930 ipsae
620 2869 683 2911 non
698 2849 914 2911 attendentem
930 2849 1154 2912 sollicitabant.

353 2947 558 3009 Levissimum
581 2966 655 3009 sane
675 2946 753 3007 illud
775 2946 939 3026 indicium,
956 2948 1112 3028 necquod
1128 2947 1385 3027 operaepretium
1401 2948 1458 3010 sit,

311 3045 460 3119 indicare,
487 3044 548 3105 nisi
566 3045 695 3123 gravius
712 3044 843 3125 aliquod
861 3043 1027 3106 subveniat
1048 3063 1055 3106 :
1078 3044 1164 3126 quod
1179 3045 1211 3105 in
1228 3051 1343 3125 quarto
1358 3045 1443 3109 libro

312 3142 576 3225 deprehendetur,
590 3142 625 3202 in
637 3142 674 3202 iis
694 3141 825 3220 scilicet,
842 3160 912 3220 quae
937 3142 976 3204 dc
997 3141 1082 3204 orbis
1106 3142 1240 3204 universi
1259 3142 1442 3221 regionibus

310 3241 435 3322 scripsit
449 3241 471 3302 ⁷.
487 3242 555 3313 Oua
573 3239 606 3300 in
628 3246 785 3301 terrarum
802 3239 1014 3321 descriptione
1034 3259 1130 3320 quam
1148 3259 1212 3302 non
1227 3259 1316 3321 aeque
1331 3241 1442 3302 omnia

310 3339 433 3402 novisse
448 3345 576 3421 poetam
592 3339 740 3422 appareti
756 3340 835 3399 Nam
855 3339 1035 3413 Britannos,
1051 3342 1083 3400 et
1098 3338 1242 3400 ultimam
1257 3337 1391 3412 Thulen,
1407 3344 1442 3400 et

311 3437 441 3498 omuino
454 3438 561 3498 littora
576 3444 607 3499 et
620 3436 740 3498 insulas
753 3437 869 3499 Oceani
885 3437 1008 3498 videtur
1019 3437 1179 3514 ignorare.
1196 3437 1301 3497 Pauca
1316 3436 1353 3496 de
1369 3435 1438 3496 His-

311 3534 407 3614 pania
429 3539 461 3595 et
489 3534 600 3607 Gallia,
624 3552 759 3615 quarum
781 3533 916 3595 alteram
941 3533 1136 3607 bellicosam,
1152 3533 1280 3595 divitem
1303 3533 1438 3595 alteram

311 3631 405 3694 leude
420 3630 552 3709 vulgata
565 3631 640 3692 dicit
657 3631 880 3694 :Germaniam
895 3650 959 3693 non
974 3631 1040 3692 sine
1057 3629 1164 3710 aliquo
1180 3631 1310 3692 horrore
1326 3632 1436 3709 ingen·
1471 3677 1476 3688 .

343 3820 364 3868 t.
380 3817 500 3881 Bentley,
514 3817 605 3881 Pras„
623 3832 650 3882 p.
668 3834 692 3870 x.

340 3890 364 3938 2.
378 3889 471 3950 Jacob,
483 3889 554 3939 Man.
566 3890 680 3948 Astron,
696 3890 786 3952 Pras„
803 3906 829 3954 p.
844 3905 897 3940 xvi.

339 3962 362 4010 3.
376 3961 485 4020 Merkel,
501 3961 597 4011 Tristia
612 3965 637 4011 et
651 3961 710 4020 ldis,
729 3962 797 4020 1837,
815 3977 842 4026 p.
856 3963 901 4010 tou
916 3974 975 4024 sqq.

339 4031 363 4080 l.
373 4031 423 4081 Ad.
439 4032 556 4095 Cramer,
570 4033 605 4082 De
616 4031 722 4082 Manilii
736 4033 782 4098 qui
795 4031 895 4082 dicitur
908 4031 1061 4090 elocutione,
1075 4031 1254 4094 argentorati,
1271 4031 1342 4092 1882,
1353 4043 1379 4092 p.
1395 4031 1436 4079 42.

339 4101 362 4149 5.
375 4101 477 4164 Manli,
491 4103 605 4162 Astron,
622 4103 653 4164 ll,
671 4105 682 4152 t
698 4117 773 4167 sqq.;
789 4103 834 4164 lll,
848 4105 862 4152 5
877 4116 935 4166 sqq.

339 4173 362 4220 6.
378 4171 520 4222 Poetarum
535 4173 681 4223 latinorum
697 4187 762 4224 sane
779 4175 882 4236 peritus
900 4176 958 4224 erat
974 4173 1107 4233 Manilius,
1122 4177 1148 4222 et
1166 4171 1321 4236 Virgilium,
1340 4171 1435 4221 Lucre·

306 4242 375 4293 tium
391 4242 569 4306 Ovidiumque
585 4257 656 4306 saepe
672 4244 793 4295 imitatus
807 4250 857 4295 est.
874 4245 912 4296 Gt.
926 4245 1043 4305 Cramer,
1058 4258 1100 4308 op.
1115 4243 1145 4302 l,
1162 4257 1189 4308 p.
1203 4245 1233 4292 55
1248 4257 1307 4306 sqq.
1389 4260 1391 4263 ·

339 4315 362 4364 7.
376 4313 422 4372 td,
439 4312 513 4372 ibid..
531 4314 573 4375 lV,
590 4315 635 4365 595
650 4329 709 4378 sqq.
