3184 5125
620 437 783 500 ..19-

173 575 362 651 Quanquam
375 570 478 630 fateor
489 568 620 630 nimiam
633 576 664 631 et
679 571 756 631 mihi
768 571 868 633 videri
882 571 977 651 hujus
989 572 1134 635 dictionis
1148 575 1263 655 hyper·

130 672 240 744 bolen,
257 687 314 729 nec
334 667 465 748 plenum
485 667 607 728 Caesare
629 668 741 729 caelum
760 669 895 749 placere.
915 670 976 730 Sed
995 670 1042 731 illi
1060 672 1138 732 mihi
1158 691 1263 734 errare

131 768 291 841 videntur,
308 765 363 845 qui
379 765 509 827 Veneris
526 764 647 843 prolem
664 767 680 828 J
684 766 780 826 uliam
801 767 850 827 vel
866 767 905 828 de
925 768 1046 829 Gaesare
1064 770 1144 843 solo,
1159 770 1208 830 vel
1225 769 1263 831 de

135 865 259 926 Caesare
272 870 303 925 11
314 866 456 940 Augusto
467 862 528 923 dici
538 868 662 942 putant.
672 864 745 924 Haec
758 864 842 925 enim
852 865 949 925 verba
959 864 999 925 ad
1009 870 1135 943 gentem
1145 866 1261 928 Juliam

132 968 208 1024 sunt
222 960 399 1039 referenda,
414 979 484 1039 quae
500 978 572 1019 curn
588 960 741 1039 originem
756 980 775 1022 1
789 962 908 1023 Venere
922 962 1026 1038 ducat,
1044 963 1122 1024 caelo
1137 964 1262 1026 descen·

135 1061 218 1120 disse
237 1059 308 1119 ideo
328 1063 456 1137 apoeta
471 1057 595 1134 dicitur,
610 1076 689 1118 cum·
702 1065 808 1119 autem
828 1066 860 1119 et
872 1060 986 1120 Divum
997 1061 1116 1121 lulium
1135 1067 1166 1122 11
1186 1061 1262 1133 011-

137 1158 242 1218 rinum
268 1155 399 1216 deorum
422 1173 554 1215 numero
582 1154 759 1231 inseruerit,
785 1175 957 1236 omnesque
983 1157 1129 1237 deinceps
1153 1178 1264 1221 eorum

138 1260 280 1334 posteros
295 1252 472 1333 promittat,
489 1251 560 1312 ideo
573 1257 725 1332 tanquam
739 1253 852 1313 caelum
869 1253 1000 1333 repleat,
1011 1254 1135 1315 laudari
1149 1262 1262 1335 potest.

137 1354 294 1412 Praeterea
308 1349 440 1411 verbum
456 1348 576 1431 replere
593 1338 639 1411 ita
653 1350 801 1429 usurpari
814 1349 928 1430 potuit,
943 1357 980 1411 ut
993 1351 1076 1411 idem
1095 1352 1179 1431 quod
1196 1371 1267 1433 sup·

140 1448 225 1528 plere
241 1448 370 1510 valeret.

185 1570 200 1602 «
219 1546 290 1606 lam
314 1563 397 1623 vero,
419 1544 523 1624 inquit
546 1545 663 1619 Freier‚
683 1546 715 1605 in
740 1545 841 1607 sidere
864 1547 1005 1625 Augusto
1031 1546 1152 1607 animas
1173 1547 1264 1609 Juliae

139 1643 243 1721 gentis
269 1642 412 1703 habitare
447 1648 542 1722 atque
573 1642 644 1703 inde
674 1644 815 1724 principe
843 1645 984 1722 Augusto
1016 1650 1119 1705 totum
1153 1645 1265 1706 caelum

137 1759 247 1818 regere
267 1739 368 1800 multo
393 1740 508 1801 clarius
533 1747 665 1820 apparet
687 1761 725 1802 ex
749 1761 785 1803 eo
811 1741 881 1803 loco
907 1744 955 1803 ¹...
977 1744 1147 1820 Augustus,
1164 1742 1265 1823 inquit

137 1844 243 1918 poeta,
261 1836 362 1899 cernit
380 1837 413 1897 in
434 1844 517 1898 coetu
537 1837 650 1898 Divum
669 1856 884 1919 magnumque
905 1840 1080 1912 Quirinum.
1097 1841 1152 1900 Est
1170 1839 1266 1918 igitur

138 1934 190 1996 ille
218 1953 284 1997 non
313 1936 348 1995 in
376 1934 520 2011 terrim„
537 1934 592 1997 sed
622 1936 732 1998 eodem
758 1930 844 2010 loco,
873 1956 935 2016 quo
965 1936 1077 1998 abiisse
1107 1938 1213 2001 Caesar
1236 1944 1267 1999 et

139 2034 292 2095 Romulus
321 2032 492 2094 creduntur
511 2033 535 2093 ².
568 2058 583 2090 a
608 2037 649 2094 At
679 2052 716 2094 ea
742 2053 812 2113 quae
840 2035 947 2095 Freier
975 2033 1027 2095 hic
1055 2034 1174 2113 scribit,
1199 2054 1265 2095 non

140 2131 260 2210 optime
285 2130 368 2191 inter
394 2150 425 2191 se
452 2131 653 2193 conveniunt.
676 2133 755 2191 Nam
780 2130 886 2192 Caesar
912 2137 942 2191 et
971 2130 1123 2191 Romulus
1146 2150 1212 2192 nou
1234 2132 1267 2191 in

142 2227 271 2307 galaxia
290 2246 360 2288 cum
377 2228 549 2289 illustribus
566 2228 642 2289 viris
656 2228 814 2302 habitant,
832 2228 886 2288 sed
906 2247 978 2289 cum
993 2227 1063 2302 diis,

282 2414 372 2471 Altius
388 2414 506 2470 aetherei
519 2430 607 2487 quam
621 2413 724 2470 candet
740 2413 859 2469 circulus
875 2414 961 2483 orbis,

281 2493 332 2549 1111
346 2495 433 2551 deum
447 2494 541 2564 sedes,
556 2496 627 2564 haec,
644 2494 698 2549 illis
713 2494 854 2567 proxima,
868 2493 967 2549 divum

283 2574 338 2640 Qui
351 2575 454 2631 virtute
469 2592 520 2630 sua
534 2575 642 2630 similes
654 2575 774 2648 vestigia
789 2579 925 2647 tangunt.

137 2756 221 2832 Ergo
237 2753 264 2814 si
285 2757 427 2814 mortuus
444 2753 604 2830 Augustus
627 2776 643 2810 «
665 2753 776 2814 eodem
800 2753 870 2814 loco
896 2772 959 2832 quo
979 2752 1093 2814 abiisse
1113 2753 1218 2814 Caesar
1236 2759 1268 2814 et

140 2849 293 2912 Romulus
310 2849 481 2911 creduntur
504 2873 519 2906 ›>
537 2868 590 2910 eos
609 2849 854 2930 contemplatur,
873 2868 938 2911 non
955 2851 1096 2931 profecto
1113 2850 1147 2910 in
1166 2851 1266 2912 sidere

140 2967 197 3009 suo
213 2947 318 3010 sedem
331 2946 437 3008 habet.
451 2949 524 3020 Nec,
536 2966 608 3008 cum
624 2947 713 3009 divus
725 2948 774 3022 sit,
792 2947 888 3009 aliam
901 2947 1007 3009 sedem
1023 2967 1118 3027 quam
1134 2948 1266 3010 deorum

138 3045 257 3106 habere
277 3050 389 3125 potest.
414 3044 632 3123 Relinquenda
651 3045 748 3122 igitur
765 3046 868 3106 omnis
887 3031 982 3125 hujus
1006 3046 1116 3106 sideris
1135 3047 1265 3119 mentio,

140 3160 201 3203 nec
228 3141 363 3202 diversos
390 3141 526 3202 duorum
552 3142 694 3203 locorum
723 3163 833 3204 sensus
859 3143 990 3204 miscere
1017 3148 1048 3204 et
1076 3143 1267 3204 confundere

141 3237 305 3300 debemus.
322 3238 378 3300 Hic
396 3240 480 3300 enim
495 3238 573 3300 nihil
589 3239 674 3300 aliud
690 3239 814 3318 scripsit
829 3247 934 3319 poeta,
951 3239 1013 3299 nisi
1029 3239 1166 3299 illustres
1184 3238 1268 3299 viros

141 3341 214 3417 post
235 3341 371 3397 mortem
390 3338 422 3397 in
441 3337 578 3398 lacteum
598 3333 750 3397 circulum
766 3335 865 3408 abire,
882 3339 1008 3413 gentem
1029 3339 1135 3393 autem
1151 3334 1268 3394 Juliam

141 3452 207 3494 non
217 3433 384 3508 humanos,
397 3435 450 3494 sed
463 3433 584 3496 divinos
597 3434 745 3505 honores,
759 3437 794 3492 ut
807 3449 826 3491 a
837 3432 959 3493 Venere
973 3435 1088 3508 ortam,
1101 3432 1266 3510 consequi;

143 3529 301 3591 Gaesarem
325 3531 395 3593 ideo
420 3537 451 3592 et
469 3531 639 3592 Romulum
665 3529 811 3590 altiorem
835 3529 868 3589 in
889 3529 996 3589 sedem
1018 3528 1139 3590 delatos
1160 3531 1265 3602 fuisse,

141 3647 214 3707 quae
231 3629 361 3708 propria
381 3628 513 3689 deorum
532 3635 593 3704 est;
611 3634 679 3688 tum
696 3628 872 3706 Augustum
888 3644 996 3704 regere
1014 3627 1127 3688 caelum
1143 3651 1160 3686 1
1180 3628 1266 3690 socio

140 3743 199 3804 per
212 3725 302 3804 signa
324 3727 466 3786 Tonante
484 3749 512 3804 »‚
529 3731 560 3786 11
579 3726 612 3786 in
632 3725 764 3786 deorum
784 3725 857 3786 sede
872 3743 1000 3786 cernere
1015 3726 1128 3787 Divum
1147 3725 1266 3787 lulium

141 3837 356 3902 magnumque
381 3823 555 3895 Quirinum.
577 3823 617 3885 At
636 3842 701 3885 non
719 3823 811 3884 video
832 3823 995 3902 quomodo
1017 3823 1090 3885 inde
1113 3828 1267 3904 appareat

140 3937 206 3981 non
221 3919 324 3981 vivere
339 3922 526 4000 Augustum.

181 4018 272 4090 Nam,
292 4018 396 4108 credo,
411 4037 476 4080 non
500 4017 593 4079 unica
613 4017 682 4078 haec
706 4036 742 4078 ac
764 4017 933 4096 singularis
958 4015 1099 4079 adulatio
1123 4022 1183 4096 est,
1204 4035 1269 4097 qua

175 4219 198 4266 1.
211 4217 311 4280 1111111,
326 4233 366 4284 op.
384 4219 412 4278 1.,
428 4234 454 4282 p.
472 4221 509 4269 19.

174 4289 198 4338 2.
214 4287 263 4348 111,
279 4288 354 4350 ibid„
371 4306 396 4354 p.
413 4293 452 4342 2⁰.
