3184 5125
787 493 945 557 ,96-

302 626 446 689 dedimus
462 626 484 687 ¹.
501 648 517 683 u
536 624 661 687 Crescet
679 629 785 687 autem
804 627 944 704 Augusto
964 625 1024 687 sub
1045 624 1187 706 principe
1208 625 1334 701 caelum,
1350 645 1431 707 quo·

302 726 388 787 niam
411 730 443 785 ct
463 722 589 785 additus
610 722 669 785 diis
693 721 799 784 Caesar
818 723 889 796 luit,
910 729 942 785 et
965 723 1033 803 ipse
1055 723 1197 785 nondum
1219 723 1285 784 vita
1304 726 1433 787 functus

303 822 500 884 divinitatem
514 822 672 897 Augustus
687 820 799 881 induit.

342 920 399 980 Hic
422 938 488 979 esse
517 918 733 979 adnotandum
759 924 848 997 puto,
871 937 943 980 cum
963 936 1073 981 omnes
1092 919 1263 979 sententias
1280 937 1317 980 ac
1337 938 1433 982 voces

303 1016 479 1079 conferrem
500 1034 578 1094 quas
596 1034 635 1076 ex
654 1014 763 1076 Ouidio
783 1021 926 1077 nostrum
949 1015 1154 1096 assumpsisse
1172 1015 1221 1076 vir
1234 1016 1344 1077 multae
1359 1016 1432 1078 dili-

303 1113 418 1193 gentiae
437 1114 568 1175 'Cramer
585 1112 740 1191 judicavit
759 1113 781 1191 ¹,
795 1113 874 1174 illud
899 1113 978 1174 mibi
997 1113 1093 1174 luisse
1115 1112 1255 1186 obvium,
1278 1114 1375 1192 quod,
1396 1120 1430 1176 ut

302 1211 404 1273 multa
418 1211 450 1271 in
465 1216 532 1272 toto
547 1215 693 1289 poemate
709 1229 728 1271 a
747 1211 857 1273 ceteris
877 1210 979 1273 Ovidii
997 1209 1148 1291 operibus
1166 1215 1268 1271 tracta
1287 1230 1431 1273 occurre·

303 1308 392 1383 bant,
414 1310 458 1370 ita
484 1308 564 1369 nihil
587 1308 686 1370 ferme
709 1327 728 1370 a
751 1308 889 1370 Ponticis
915 1308 1057 1389 epistolis
1084 1313 1264 1369 mutuatum
1291 1308 1431 1389 reperie-

302 1408 406 1482 batur,
424 1406 484 1467 nisi
508 1425 579 1485 quae
600 1400 681 1467 forte
698 1424 774 1467 rara
793 1414 851 1468 nec
871 1425 996 1486 semper
1018 1405 1187 1466 manifesta
1209 1405 1242 1465 in
1265 1412 1379 1485 quarto
1398 1414 1430 1468 et

302 1506 413 1585 quinto
439 1503 681 1563 Astronomicon
709 1500 790 1563 libro
820 1503 1141 1583 deprehenderentur.
1165 1501 1328 1582 Pleraeque
1353 1522 1428 1565 vero

303 1620 341 1663 ex
352 1603 455 1661 Ponto
468 1598 610 1680 epistolae
625 1618 689 1661 non
705 1605 778 1660 ante
798 1620 915 1662 anuum
936 1606 1008 1679 post
1027 1600 1186 1663 Christum
1201 1600 1329 1661 tertium
1350 1601 1431 1662 deci·

301 1717 390 1759 mum
409 1700 543 1758 Romam
562 1703 787 1776 pervenerunt;
804 1698 900 1760 itaut
914 1698 1063 1759 extremis
1081 1697 1279 1777 temporibus
1296 1698 1428 1777 Augusti

302 1801 433 1875 quartus
457 1801 487 1855 et
511 1794 639 1873 quintus
663 1795 735 1855 libri
757 1795 979 1870 redderentur;
1004 1795 1086 1856 unde
1110 1795 1307 1876 probabilior
1328 1796 1427 1857 exsis-

302 1898 382 1954 teret
397 1893 490 1966 ratio,
504 1910 561 1954 cur
579 1892 612 1952 in
626 1899 741 1974 quarto
761 1892 855 1967 libro,
871 1912 942 1954 cum
959 1893 1027 1973 jam
1043 1893 1181 1955 moriens
1199 1894 1358 1973 Augustus
1376 1894 1427 1955 vix

301 1990 451 2069 languido
468 1990 579 2069 spiritu
596 1988 744 2053 heredem
761 2010 780 2051 a
797 2010 921 2052 summo
935 1991 1061 2070 fastigio
1076 1997 1208 2068 arceret,
1224 1991 1342 2052 'liberii
1356 2011 1427 2053 cum

301 2087 424 2149 honore
438 2087 698 2149 commemoratio
713 2087 919 2149 inveniretur.

341 2188 405 2248 Nec
421 2185 727 2266 pretermittendum
744 2192 801 2260 est,
814 2205 871 2261 cur
884 2205 949 2246 non
965 2186 997 2245 in
1013 2190 1234 2264 argumentum
1250 2186 1427 2247 vocaverim

300 2284 419 2364 primos
441 2283 616 2343 Germanici
640 2286 827 2343 Arateorum
855 2302 974 2357 versus,
995 2283 1028 2342 in
1052 2283 1167 2363 quibus
1189 2282 1309 2344 Manilii
1334 2302 1425 2345 exor-

300 2381 387 2440 dium
410 2379 551 2439 imitatus
570 2384 626 2440 est.
644 2382 725 2441 Nam
746 2381 805 2442 etsi
823 2381 872 2440 vir
892 2380 1090 2441 doctissimus
1108 2380 1258 2441 Baehrens
1278 2381 1333 2461 qui
1351 2382 1426 2442 Ger·

293 2475 416 2536 'manici
442 2494 549 2537 versus
572 2476 681 2554 edidit,
700 2477 915 2539 Phaenomena
938 2476 1034 2538 latine
1056 2477 1150 2538 fuisse
1171 2496 1263 2538 versa
1288 2479 1427 2555 Augusto

299 2574 434 2648 vivente,
454 2580 484 2636 et
505 2576 646 2653 Augusto
669 2575 813 2636 dedicata
836 2576 1007 2637 arbitratur
1029 2576 1052 2650 ³,
1070 2595 1135 2637 non
1159 2576 1227 2655 ejus
1248 2576 1427 2638 auctoritati

300 2677 424 2732 tantum
439 2671 589 2750 tribuam,
606 2677 641 2732 ut
658 2672 839 2750 opinionem
854 2672 990 2734 aliorum
1002 2673 1034 2732 in
1049 2672 1221 2754 primisque
1239 2674 1346 2734 Freier
1359 2693 1428 2734 om-

299 2769 375 2830 nino
396 2767 555 2848 negligam
571 2771 595 2844 ⁴,
614 2771 667 2850 qui
684 2769 800 2830 Tiberii
817 2769 1013 2851 temporibus
1033 2771 1185 2850 scriptum
1205 2789 1285 2852 opus
1303 2771 1427 2833 Tiberio

299 2865 478 2927 dedicatum
497 2866 592 2926 fuisse
607 2874 810 2946 putaverunt.
826 2870 902 2928 Rem
918 2867 1015 2945 igitur
1027 2866 1156 2928 dubiam
1176 2867 1208 2927 in
1223 2868 1319 2930 dubio
1331 2868 1425 2930 relin-

299 2981 395 3040 quam
411 2981 511 3040 neque
527 2981 565 3022 ex
579 2963 701 3023 incerta
716 2982 749 3024 re
765 2968 885 3024 certum
900 2963 1050 3025 iodicium
1065 2971 1183 3045 petam.

338 3059 385 3119 Ad
405 3078 562 3120 summam
577 3060 622 3121 ita
639 3060 790 3140 scriptum
813 3060 907 3122 fuisse
922 3061 1040 3122 Manilii
1053 3080 1132 3141 opus
1147 3062 1226 3122 mibi
1240 3063 1375 3137 videtur,
1390 3069 1426 3124 ut

297 3162 371 3236 post
384 3157 458 3218 Vari
475 3157 595 3220 cladem
612 3157 708 3238 (quod
725 3177 822 3219 unum
838 3158 1046 3220 certissimum
1062 3166 1094 3220 et
1105 3177 1163 3240 per
1176 3179 1208 3221 se
1221 3160 1424 3222 manifestum

297 3254 355 3336 est)
379 3260 451 3316 ante
473 3255 573 3317 editas
594 3275 632 3317 ex
653 3257 754 3318 Ponto
777 3256 938 3336 epistolas,
963 3263 1111 3318 octavum
1133 3257 1217 3318 iuter
1240 3263 1272 3318 et
1296 3258 1424 3318 tertium

297 3353 454 3414 decimum
481 3373 610 3428 aunum,
636 3354 756 3435 primus
782 3360 814 3415 et
838 3355 993 3416 secundus
1016 3360 1048 3417 ct
1073 3354 1184 3416 tertius
1211 3353 1284 3415 libri
1307 3354 1424 3417 fuerint

296 3450 428 3525 conditi3
447 3458 577 3529 quartus
593 3471 668 3513 vero
691 3457 763 3533 post
776 3453 923 3524 Ponticas
942 3451 1093 3531 epistolas
1112 3457 1187 3514 ante
1203 3452 1335 3529 Augusti
1355 3452 1426 3512 obi-

297 3551 364 3606 tum
385 3546 510 3608 additus
532 3549 638 3623 fuerit,
654 3550 708 3609 sed
730 3549 860 3628 quintus
886 3549 934 3611 vel
959 3568 1031 3610 cum
1051 3555 1164 3629 quarto
1185 3550 1235 3611 vel
1254 3549 1422 3630 posterius,

297 3641 421 3704 Tiberio
431 3644 497 3722 jam
511 3651 673 3725 regnante,
688 3645 801 3724 subjici
813 3646 961 3726 potuerit.

325 3858 349 3906 1.
364 3855 421 3906 Vol.
437 3855 515 3919 Max,
531 3857 666 3922 Prologus.
680 3885 711 3896 -
725 3859 763 3910 Gi.
778 3859 889 3921 Teuffel,
902 3860 954 3910 tit.
969 3860 1049 3919 Rana,
1067 3863 1123 3924 248,
1137 3862 1164 3911 3.

324 3926 349 3975 2.
360 3927 476 3988 Cramer,
490 3928 526 3976 Dc
538 3927 644 3978 Manilii
657 3930 705 3994 qui
717 3928 819 3980 dicitur
832 3929 985 3988 elocutione,
1000 3946 1026 3994 p.
1040 3933 1055 3981 l
1068 3937 1094 3984 et
1106 3934 1135 3982 68
1151 3945 1210 3996 sqq.
1222 3957 1254 3968 -
1267 3931 1306 3982 Gi.
1319 3933 1421 3988 Frcien

293 3999 502 4129 paeanqlqens,
517 4069 602 4120 Poeta
616 4070 707 4120 Latini
720 4072 842 4131 minores,
858 4031 990 4130 Teubner,
1007 4072 1077 4133 1879,
1092 4075 1112 4122 t.
1127 4072 1149 4134 l,
1164 4085 1191 4135 p.
1208 4073 1261 4122 113.

326 4136 350 4186 1.
362 4135 463 4199 Preion,
477 4153 518 4202 op.
532 4138 561 4197 1.,
577 4155 604 4204 p.
620 4142 659 4190 66.
671 4167 703 4179 -
714 4142 824 4204 Teuffel,
839 4143 890 4193 lit.
905 4144 986 4200 liora„
1001 4145 1056 4205 27⁰,
1069 4145 1093 4194 1.
