3184 5125
637 445 798 509 ..93-

150 586 260 643 autem
275 579 350 661 quid
365 597 431 640 non
450 577 570 640 inducit
585 577 693 641 dolore
711 579 790 641 tanti
805 597 894 640 casus
915 581 1101 660 pertusum?
1117 581 1197 643 nihil
1214 601 1283 646 non

150 680 185 740 in
201 683 317 740 natura
336 683 444 738 movet
461 693 468 736 :

294 820 347 875 'ler
361 819 469 875 ciroum
483 819 624 890 Alcyones
639 816 736 889 pinnis
747 820 885 889 planxere
904 819 1042 889 volantes,

296 898 505 970 Fleveruntque
521 901 587 952 tuos
603 899 765 954 miserando
781 899 910 968 carmine
924 915 1017 968 rasus,

295 981 330 1034 Et
344 979 393 1034 tibi
408 981 548 1034 contortos
563 979 689 1034 umbram
702 982 789 1048 secere
802 995 855 1050 per
868 981 939 1035 alos.

295 1058 339 1114 Ad
353 1062 405 1113 tua
420 1056 552 1112 sustinuit
563 1057 667 1113 fluetus
679 1059 845 1131 spectacula
860 1063 978 1129 pontus,

295 1140 487 1210 Assuetasque
501 1136 554 1192 sibi
569 1138 654 1193 desiit
667 1137 701 1210 (l)
718 1138 891 1210 perfundere
904 1155 989 1210 rupes
1005 1143 1026 1204 ยน,

296 1217 403 1274 Extulit
417 1221 446 1272 et
459 1217 569 1289 liquido
585 1217 684 1272 Nereis
699 1219 734 1273 ab
749 1233 866 1291 aequore
880 1218 1002 1286 vultum,

295 1301 330 1354 Et
344 1312 424 1353 rosus
435 1300 567 1352 miserato
583 1302 642 1352 tuos
655 1301 759 1352 roravit
774 1303 800 1352 et
811 1298 912 1353 undas.

296 1376 362 1448 lpsa
376 1376 431 1432 levi
443 1377 513 1431 tlatu
530 1378 662 1433 refovens
674 1377 834 1449 pendentia
846 1379 979 1434 membra

295 1458 372 1512 Aura
384 1473 436 1529 per
450 1461 594 1512 extremas
606 1457 750 1514 resonavit
764 1457 859 1513 flebile
874 1475 973 1530 rupes.

151 1611 230 1670 Eone
241 1612 347 1669 autem
360 1609 490 1670 Perseus
506 1608 605 1682 adest,
623 1627 717 1688 quem
732 1609 883 1689 adspecta
896 1610 986 1688 virgo
1006 1609 1123 1674 amoris
1136 1609 1279 1692 quodam

151 1707 238 1768 velut
253 1705 388 1768 fulmine
402 1711 535 1769 attonat.

295 1849 423 1906 Tandem
438 1849 583 1921 Gorgonei
598 1848 736 1904 victorem
751 1852 856 1906 Persea
871 1852 995 1908 monstri

295 1929 373 1984 Felix
385 1928 434 1984 illa
449 1929 510 1984 dies
526 1929 696 1984 redeuntem
712 1930 751 1985 ad
766 1929 852 1985 litora
864 1930 954 1986 duxit.

294 2009 375 2081 Isque
391 2009 438 2063 uhi
454 2009 630 2078 pendentem
640 2007 710 2063 uidit
721 2008 756 2062 de
773 2025 844 2079 rupe
857 2009 995 2079 puellam,

293 2091 415 2158 Diripuit
428 2090 509 2157 (ode,
526 2105 609 2158 quam
620 2104 675 2144 non
690 2091 874 2158 stupefecerat
886 2089 980 2157 tostis,

295 2167 401 2239 Vixque
417 2185 506 2223 manu
521 2167 647 2238 spolium
662 2168 765 2236 tenuit,
777 2169 915 2237 uictorque
928 2167 1048 2223 Medusa

296 2250 392 2306 Victus
406 2250 437 2303 in
450 2248 640 2303 Andromeda.

148 2403 252 2474 Quam
281 2399 523 2461 admirationem
547 2399 709 2477 eleganter
727 2399 846 2478 prodit,
861 2417 917 2461 neo
946 2398 1074 2461 italicus
1102 2397 1278 2463 Gallicusve

151 2496 378 2561 versiculorum
406 2498 482 2560 olim
511 2496 657 2559 eonditor
684 2495 870 2578 lepidiorem
904 2497 1031 2558 laudem
1059 2497 1278 2579 dependente

151 2598 272 2677 uirgine
285 2598 474 2659 concinnare
485 2596 589 2676 potuit
607 2613 614 2657 :

560 2739 624 2793 lam
637 2736 766 2793 cantibus
778 2737 889 2793 invidet
898 2735 967 2809 ipsis

294 2816 459 2890 Felicesque
469 2822 553 2873 vocat
565 2821 684 2873 teneant
699 2833 764 2888 qum
781 2816 914 2872 membra
929 2819 1056 2874 catenas.

150 2970 268 3033 Credas
281 2968 492 3031 Masearillum
508 2968 606 3049 loqui.
624 2969 715 3045 Quid,
733 2989 804 3051 quae
820 2970 1016 3049 sequuntur?

293 3112 327 3166 Et
340 3113 492 3183 postquam
507 3125 600 3179 poenae
616 3125 737 3164 oausam
754 3111 888 3181 cognovit
902 3111 938 3164 ab
948 3110 1020 3182 ipsa,

293 3194 417 3246 Destinat
431 3193 461 3245 tn
475 3190 605 3244 thalamos
616 3203 669 3256 per
683 3188 784 3242 bellum
798 3190 897 3243 uadem
910 3191 1000 3257 pontt,

293 3270 391 3326 Altera
404 3270 427 3326 si
437 3270 531 3340 Gorgo
547 3267 644 3323 veniat
659 3282 717 3321 non
732 3266 850 3321 territus
867 3266 919 3322 ire.

153 3426 197 3485 Ne
211 3428 319 3484 tamen
339 3422 414 3502 quid
438 3428 548 3483 eontra
569 3438 689 3481 morem
707 3418 775 3497 fiat,
793 3418 834 3478 ad
857 3423 1003 3499 parentes
1025 3417 1155 3497 virginis
1179 3418 1277 3491 uolat,

152 3521 274 3603 sibique
289 3539 359 3581 eam
378 3519 566 3600 desponderi
585 3518 735 3598 postulat.

295 3732 425 3789 Concitet
438 3733 529 3789 serios
543 3749 652 3799 aursus,
663 3732 826 3802 flentesque
840 3732 975 3800 parentes

293 3813 437 3869 Promissu
451 3814 514 3869 vitae
526 3818 645 3883 recreat,
656 3818 810 3882 portusque
823 3812 958 3866 moritum

294 3894 337 3948 Ad
350 3894 414 3948 litus
426 3898 547 3949 remeat.

151 4018 310 4069 meminisse
326 4018 445 4067 credam.
460 4018 526 4067 Nam
542 4017 613 4067 idem
629 4018 700 4067 valet
720 4016 765 4067 hie
783 4028 889 4075 versus,
910 4027 972 4063 aum
987 4012 1021 4062 de
1041 4013 1127 4062 Tauro
1147 4009 1276 4075 loquitur,

151 4090 197 4153 qui
212 4089 286 4139 vexit

405 4154 516 4205 Europam
529 4150 595 4192 dorso
608 4150 744 4193 retinentem
759 4160 842 4190 oornua
853 4147 918 4189 laeve.
1062 4200 1101 4254 (H,
1115 4197 1170 4253 49โฐ).

183 4302 206 4350 l.
216 4302 316 4351 Forsan
326 4301 390 4366 defit
398 4302 551 4363 legendum,
558 4314 620 4351 eum
631 4301 658 4349 iu
667 4301 761 4351 codiee
768 4298 899 4350 Vossiano
908 4297 1027 4350 seeundo
1038 4296 1105 4348 derit
1115 4294 1278 4347 inveniatur.
