3184 5125
798 395 958 457 ,30-

355 530 414 591 Sed
430 528 515 590 aliud
530 528 624 607 longe
640 533 697 599 est,
712 526 807 589 tidem
826 528 1007 606 astrologice
1022 524 1205 587 summatim
1219 530 1313 603 atque
1328 524 1361 585 in
1376 526 1441 587 uni-

312 645 437 687 versum
466 625 627 699 adhibere,
654 624 740 686 aliud
766 626 891 704 singula
917 624 1069 705 dispicere
1094 640 1224 701 remque
1252 640 1310 701 per
1334 629 1441 703 partes

312 743 440 785 omnem
460 741 655 803 percensere.
670 724 749 783 Nam
769 723 825 803 qui
842 722 930 801 vulgi
951 722 1115 802 opiniones
1134 719 1215 781 tueri
1235 718 1439 796 affectabant,

312 828 344 883 et
363 822 403 883 ad
422 820 590 882 altissimas
610 820 869 901 doctissimosque
889 839 1001 881 causas
1020 817 1069 879 vel
1090 818 1189 879 aniles
1205 816 1329 878 rabulas
1351 836 1440 880 revo-

312 938 384 981 care
397 917 588 997 gaudebant,
603 918 710 993 iidem,
727 918 833 992 credo,
850 936 915 979 non
929 923 994 978 tam
1014 917 1054 977 ad
1073 935 1111 976 ea
1131 915 1239 976 omnia
1257 914 1441 995 accipienda

312 1016 443 1077 fuissent
455 1015 560 1096 proni,
576 1016 603 1076 si
618 1015 760 1093 diligenti
781 1015 997 1095 disquisitione
1012 1014 1132 1074 minute
1151 1013 1208 1073 illa
1226 1013 1440 1092 investigavis·

312 1120 392 1187 sent,
405 1111 608 1189 astrologiam
624 1113 812 1193 praesertim,
826 1131 923 1194 quam
939 1118 1051 1173 ceterae
1067 1109 1229 1189 sapientire
1245 1129 1308 1170 snae
1324 1110 1440 1171 rationi

312 1229 489 1290 repugnare
505 1210 574 1290 jam
592 1210 899 1279 animadvertissent.
916 1213 1022 1289 Neque
1039 1208 1122 1269 enim
1139 1226 1177 1269 ea
1196 1207 1349 1268 divinatio
1368 1208 1440 1269 reli-

312 1327 447 1388 quarum
472 1308 581 1369 similis
601 1313 648 1369 est
669 1329 676 1367 z
698 1327 812 1388 nempe
834 1312 923 1383 exta,
948 1312 1104 1379 monstra,
1127 1304 1270 1382 fulgura,
1292 1305 1438 1384 auguria,

312 1412 424 1482 sortes,
440 1406 574 1477 somnia,
593 1405 834 1467 vaticinationes
853 1411 1005 1467 eventura
1024 1402 1249 1484 praenuntiant,
1266 1402 1440 1479 astrologia

308 1510 417 1564 autem
442 1522 508 1563 non
527 1504 688 1563 fortunam
712 1508 849 1576 tantum,
872 1503 926 1563 sed
950 1502 1125 1580 ingenium,
1150 1518 1252 1580 neque
1276 1500 1362 1561 hona
1385 1506 1439 1561 aut

313 1598 408 1675 mala,
427 1599 481 1660 sed
501 1600 634 1663 virtutes
650 1618 686 1661 ac
701 1599 776 1661 vitia
791 1599 993 1661 nascentibus
1009 1604 1191 1680 praeparat:
1209 1598 1295 1677 quod
1310 1598 1439 1677 quidem

311 1716 387 1757 mox
408 1697 572 1757 ostendam
595 1715 666 1757 cum
691 1696 863 1759 stoicorum
884 1697 1029 1757 doctrina
1052 1714 1166 1775 parum
1188 1713 1372 1773 congruere.
1395 1698 1439 1756 Ac

312 1793 390 1853 mihi
408 1792 506 1854 libros
524 1794 680 1855 Ciceronis
696 1794 733 1855 de
749 1793 947 1857 Divinatione
962 1793 1119 1855 evolventi
1136 1792 1216 1853 illud
1232 1792 1360 1853 obvium
1377 1799 1436 1866 est,
1532 1871 1534 1874 Ι

312 1890 472 1965 Quintum,
489 1890 564 1951 dum
583 1890 703 1970 placita
722 1891 893 1953 stoicorum
914 1890 1064 1965 defendit,
1082 1892 1120 1951 de
1139 1890 1250 1952 ceteris
1269 1890 1439 1969 generibus

310 1988 459 2069 plurIma,
474 1988 663 2069 paucissima
678 1990 716 2050 de
731 1995 889 2050 astrorum
905 1988 1135 2066 significatione
1154 2006 1313 2068 exponere
1328 2005 1336 2050 :
1354 1988 1437 2049 unde

311 2085 417 2164 colligi
437 2092 551 2165 potest,
571 2105 636 2147 non
656 2091 780 2147 tantum
800 2087 871 2147 illos
890 2085 963 2147 huic
980 2086 1089 2165 generi
1107 2085 1262 2149 studuisse
1281 2091 1438 2165 quantum

310 2182 449 2263 reliquis.
465 2183 555 2257 Quod
575 2183 753 2245 credibilius
768 2184 883 2257 evenit,
896 2184 925 2245 si
943 2184 1012 2264 quis
1028 2183 1206 2245 Panaetium
1221 2182 1367 2256 attendit,
1384 2184 1439 2263 qui

311 2299 391 2341 unus
415 2280 620 2358 astrologiam
646 2282 764 2361 rejecit,
788 2282 920 2343 summis
944 2282 1046 2343 aetatis
1070 2300 1134 2341 suae
1156 2280 1326 2359 astrologis
1346 2300 1437 2341 usum

310 2376 416 2450 tuisse,
438 2377 565 2457 Scylace
586 2378 680 2438 etiam
700 2378 933 2440 Halicarnassio
959 2378 1008 2439 vel
1029 2377 1279 2438 familiariter¹z
1305 2377 1387 2441 adeo
1405 2383 1439 2437 nt

311 2492 374 2533 non
403 2474 498 2534 aliam
527 2474 567 2535 ob
594 2494 724 2537 causum
753 2477 858 2537 minus
885 2475 1063 2554 astrologiae
1089 2475 1256 2536 credidisse
1280 2475 1438 2550 videatur,

310 2589 406 2652 quam
420 2573 504 2652 quod
522 2571 593 2652 plus
607 2573 639 2632 in
654 2592 692 2635 ea
706 2574 913 2654 intelligebat.
929 2575 1099 2648 Praeterea,
1116 2574 1203 2653 quod
1221 2592 1331 2635 omnes
1347 2574 1436 2634 stoici

308 2671 515 2751 astrologiam
536 2677 736 2752 acceperunt,
759 2691 824 2734 non
843 2674 994 2734 continuo
1013 2673 1096 2734 inter
1113 2673 1229 2733 stoicos
1248 2672 1438 2734 numerandi

197 2819 199 2826 .
307 2787 419 2830 omnes
437 2775 526 2842 sunt,
551 2769 604 2848 qui
629 2769 724 2830 iidem
747 2770 877 2831 luerunt
901 2770 1063 2851 astrologi.
1090 2771 1131 2830 At
1152 2775 1273 2845 contra,
1297 2770 1360 2830 duo
1384 2770 1440 2849 qui

310 2866 418 2926 Romae
434 2871 507 2926 ante
526 2866 688 2927 Manilium
709 2867 748 2928 de
767 2886 805 2927 ea
824 2874 892 2929 arte
909 2869 1113 2948 scripserunt,
1130 2886 1194 2928 non
1214 2867 1304 2928 stoici
1323 2868 1437 2940 fuere:

308 2962 483 3023 Varronem
504 2955 586 3035 dico,
609 2963 673 3041 qui,
697 2963 723 3022 si
747 2962 845 3023 ullam
867 2962 1121 3044 philosophicam
1143 2964 1290 3026 haeresim
1314 2970 1438 3026 secutus

306 3064 366 3134 est,
380 3057 615 3138 Pythagoream
632 3059 736 3137 potius
752 3059 842 3134 fovit,
860 3078 955 3141 quam
971 3061 1115 3136 stoicam,
1129 3068 1160 3123 et
1174 3061 1332 3139 Nigidium
1346 3062 1438 3141 Figu-

309 3154 386 3231 lum,
402 3156 455 3234 qui
470 3155 580 3236 procul
596 3155 691 3217 dubio
710 3157 928 3237 Pythagoreus
947 3158 1016 3220 fuit.
1034 3159 1144 3237 Igitur,
1161 3177 1232 3220 cum
1251 3178 1316 3220 non
1334 3160 1438 3239 magis

206 3329 210 3340 Ι
305 3253 441 3316 Zenonis
460 3253 605 3316 doctrina
628 3273 723 3334 quam
747 3254 882 3316 aliorum
903 3255 1168 3337 philosophorum
1187 3256 1435 3336 interpretanda

309 3358 464 3413 astrorum
485 3352 601 3414 rationi
618 3353 734 3427 faveat,
753 3372 856 3433 neque
877 3353 942 3416 ullo
963 3354 1097 3430 arctiore
1115 3353 1242 3414 vinculo
1265 3360 1321 3414 aut
1341 3358 1435 3414 natu-

308 3448 369 3509 rali
382 3449 531 3511 societate
544 3450 687 3511 Porticus
706 3451 885 3513 inventast
904 3450 1126 3514 Chaldaeorum
1146 3451 1209 3512 sint
1224 3451 1348 3530 juncta,
1364 3449 1435 3511 nul·

308 3543 375 3605 lum
396 3544 464 3624 jam
488 3545 650 3622 indicium,
671 3547 844 3609 stoicorum
869 3553 1057 3611 sectatorem
1080 3549 1174 3610 fuisse
1198 3548 1375 3626 Manilium,
1397 3567 1436 3608 ex

306 3660 346 3702 eo
370 3642 531 3718 ducemus,
552 3645 637 3723 quod
661 3645 878 3723 astrologiam,
900 3645 938 3706 de
962 3664 1026 3724 qua
1049 3646 1184 3726 scripsit,
1205 3645 1251 3706 illi
1273 3645 1435 3726 sapientia

309 3738 452 3800 doctores
467 3739 561 3800 tutati
576 3747 660 3802 sunt.

347 3837 457 3916 ltaque
484 3837 524 3898 ad
547 3837 650 3917 ipsum
679 3857 810 3900 carmen
832 3840 1044 3902 accedendum
1067 3846 1126 3918 est,
1148 3825 1437 3922 inquirendumque

306 3932 503 4012 diligentins,
530 3955 606 3997 num
632 3936 666 3996 in
689 3955 727 4001 eo
756 3937 832 3999 satis
855 3943 942 3999 certa
968 3939 1013 4000 rei
1038 3944 1226 4018 argumenta
1246 3945 1432 4020 appareant.

338 4143 361 4191 t.
376 4143 453 4205 reia,
467 4147 498 4207 11,
513 4149 553 4208 m,
567 4148 606 4198 as.
