3184 5125
658 496 819 561 ..37-

316 627 426 698 Quique
441 625 532 681 animi
545 626 619 699 ¹vires
634 634 663 685 et
677 629 782 686 strictae
795 633 924 703 pondera
938 635 1044 689 mentis

314 707 473 763 prudentes
488 706 614 763 habuere
629 709 681 764 viri
697 728 704 765 z
722 710 825 783 quibus
841 713 936 768 omuis
949 714 979 768 in
991 714 1062 787 ipsis

315 786 423 842 Census
438 789 500 840 erat
516 786 685 859 :justusque
702 789 800 857 Solon,
816 789 957 862 fortisque
972 794 1130 867 Lycurgus,

313 867 521 937 AEthereusque
534 866 643 934 Platon,
658 872 686 923 el
700 868 747 940 qui
762 869 954 926 fabricaverat
968 872 1060 943 illum,

312 948 527 1017 Damnatusque
543 962 608 1001 suas
620 947 723 1003 melius
739 948 885 1005 dansnavit
899 952 1034 1010 Athenas.

314 1098 494 1169 Romanique
509 1097 570 1167 viri,
587 1115 710 1171 quorum
722 1100 784 1172 jam
799 1102 930 1156 maxima
944 1105 1030 1160 turba
1045 1110 1108 1173 est;

312 1177 524 1250 Tarquinioque
539 1177 634 1232 minus
646 1194 740 1250 reges,
755 1182 783 1233 el
798 1179 915 1235 lloratia
929 1184 1034 1253 proles.

312 1260 382 1313 Tota
394 1257 470 1312 acies
482 1260 643 1328 partus.....
925 1277 928 1280 ¹

312 1338 346 1393 Et
360 1339 428 1393 Jove
442 1336 490 1410 qui
505 1337 610 1392 meruit
626 1339 727 1395 caelum
742 1340 925 1411 Romamque
939 1342 1076 1398 Camillus

313 1416 460 1473 Servando
475 1417 570 1487 posuit
573 1457 628 1473 .....

312 1498 516 1568 Certantesque
529 1497 596 1553 Deci
610 1497 696 1569 votis,
712 1498 877 1571 similesque
891 1498 1057 1573 triumphis,

311 1578 487 1649 Invictusque
499 1594 582 1632 mora
594 1577 761 1635 Fabius.

312 1656 509 1727 Scipiadaeque
525 1655 622 1724 duces,
638 1656 731 1712 fatum
745 1658 928 1731 Carthaginis
944 1676 1053 1727 unum;

311 1735 524 1807 Pompeiusque
540 1736 617 1791 orbis
633 1736 769 1806 domitor,
785 1754 839 1809 per
852 1741 968 1810 tresque
982 1738 1144 1813 triumphos

241 1878 242 1882 η
310 1816 384 1869 Ante
399 1814 488 1868 deum
500 1814 645 1885 princeps;
663 1819 692 1869 et
708 1832 797 1871 censu
811 1816 918 1872 Tullius
932 1816 988 1872 oris

308 1892 451 1948 Emeritus
467 1894 603 1949 caelum...

310 1974 344 2027 Et
359 1972 428 2028 Cato
442 1972 567 2029 fortunae
581 1973 733 2030 victor.....

210 2176 236 2235 E
265 2174 375 2254 quibus
402 2194 473 2237 cum
502 2174 640 2255 plurima
667 2176 832 2237 brevitatis
860 2194 955 2236 causo
990 2174 1198 2249 detraxerim,
1227 2180 1294 2235 tam

170 2270 275 2333 multa
293 2278 396 2333 tamen
415 2274 547 2346 servavi,
564 2280 599 2334 ut
615 2272 706 2334 facile
727 2278 881 2354 appareat
900 2277 986 2333 astra
1002 2272 1190 2353 accipiendis
1205 2290 1294 2351 egre-

165 2370 228 2453 giis
256 2370 330 2431 viris
354 2376 479 2450 poetam
506 2371 721 2445 destinavisse,
749 2389 825 2431 non·
842 2371 917 2451 quia
946 2371 1117 2451 quamdam
1146 2371 1292 2433 haeresim

165 2468 272 2530 stricte
292 2468 492 2543 observabat,
508 2469 563 2529 sed
582 2475 616 2530 ut
638 2470 696 2529 sibi
717 2468 802 2530 viam
822 2469 959 2549 aperiret
977 2469 1016 2530 ad
1041 2469 1245 2543 luculentam,
1259 2474 1294 2529 ut

164 2567 311 2650 putabat,
334 2567 553 2647 explicandam
580 2567 862 2629 enumerationem.
886 2568 1031 2629 Ceterum
1055 2568 1116 2629 hoc
1140 2574 1291 2648 tanquam

163 2664 433 2746 philosophicum,
460 2684 524 2726 non
548 2671 699 2745 tanquam
726 2665 885 2745 poeticum
909 2670 928 2726 a
950 2665 1076 2726 Manilio
1099 2664 1172 2726 volo
1198 2664 1293 2724 fuisse

163 2762 395 2844 amplificatum
420 2782 427 2824 :
451 2782 515 2823 nou
537 2763 686 2823 continuo
710 2763 881 2825 stoicorum
906 2762 1083 2824 doctrinam
1104 2761 1155 2822 hic
1177 2779 1292 2842 agnos-

163 2879 281 2923 cemus.
304 2863 384 2922 Nam
405 2845 599 2941 compertum
622 2861 775 2922 habemus
798 2879 901 2941 neque
925 2859 1040 2922 stoicos
1063 2878 1161 2921 unum
1184 2879 1292 2923 omnes

162 2979 266 3042 neque
291 2959 437 3021 eumdem
464 2958 546 3019 idem
571 2977 694 3038 semper
718 2959 756 3021 de
783 2959 832 3020 his
858 2959 989 3021 sensisse
1014 2979 1084 3040 quae
1112 2965 1185 3039 post
1204 2978 1292 3022 mor-

162 3064 228 3120 tem
253 3057 344 3118 liunt.
363 3058 480 3118 Seneca
506 3057 588 3118 enim
617 3076 683 3118 rem
707 3058 739 3116 in
763 3058 999 3120 contentionem
1023 3047 1184 3119 vocavisse
1208 3064 1291 3119 recte

163 3156 266 3218 fertur
280 3172 287 3216 :

342 3325 447 3381 Verum
460 3327 527 3384 est?
542 3345 579 3384 an
594 3328 710 3384 timidos
724 3328 824 3384 sabula
839 3329 944 3401 decipit

345 3406 467 3462 Umbras
481 3408 649 3480 corporibus
661 3408 753 3465 vivere
769 3408 917 3463 conditis?

343 3485 414 3542 Cum
430 3491 532 3563 conjux
548 3488 635 3544 oculis
647 3488 786 3561 imposuit
800 3504 931 3558 manum,

343 3567 555 3640 Supremusque
572 3568 632 3623 dies
646 3567 754 3625 solibus
769 3567 879 3624 obstitit

341 3646 375 3700 ut
388 3645 486 3702 tristes
501 3647 608 3703 cineres
623 3664 697 3703 urna
711 3647 847 3714 coercuit,

340 3726 402 3782 Non
416 3726 535 3798 prodest
549 3727 678 3784 animam
695 3729 811 3785 tradere
825 3726 931 3794 funeri,

341 3804 396 3860 Sed
410 3809 501 3861 restat
515 3805 627 3862 miseris
642 3808 735 3865 vivere
749 3807 885 3879 longius?

340 3886 384 3940 An
399 3885 452 3940 toti
464 3885 617 3956 morimur,
632 3887 768 3959 nullaque
783 3903 851 3958 pars
866 3889 963 3942 manet

339 3964 443 4036 Nostri,
459 3982 525 4021 cum
538 3965 663 4040 profugo
678 3966 793 4038 spiritus
807 3966 900 4022 halitu

340 4045 488 4101 Immistus
503 4045 615 4101 nebulis
630 4045 717 4102 cessit
729 4045 758 4101 in
773 4063 852 4115 aera,

340 4123 375 4178 Et
390 4124 500 4180 nudum
514 4124 608 4196 tetigit
623 4125 737 4181 subdita
750 4125 799 4182 lux
812 4127 887 4181 latus
901 4126 924 4184 ¹.

192 4354 217 4400 1.
236 4349 342 4436 Ferruz,
357 4365 383 4415 p.
398 4355 437 4404 59.
454 4381 484 4391 —
497 4353 600 4415 senec,
616 4321 718 4414 Troadi,
735 4356 765 4418 V,
780 4357 835 4406 369.
