3184 5125
640 460 802 525 ..65-

297 642 354 696 llas
369 638 489 712 quidam
502 637 576 694 vires
592 641 693 695 octava
707 638 737 694 in
752 641 834 711 parte
848 644 1012 712 repouuut3

297 722 370 778 Sunt
385 718 490 792 quibus
507 735 569 774 esse
584 719 679 790 placet
694 719 840 788 decimas3
857 735 910 775 nec
924 719 1014 775 deluit
1026 725 1128 778 auctor

298 800 352 866 Qui
366 799 468 872 primae
482 801 632 854 momenta
647 800 728 854 daret
740 794 896 872 frenosque
911 800 1024 856 dierum
1039 803 1061 858 ¹.

192 978 269 1040 Mihi
288 984 393 1040 autem
414 977 549 1051 videtur,
570 978 595 1038 si
614 982 704 1039 tanta
724 984 853 1058 tamque
868 979 933 1039 acri
951 978 1014 1041 fide
1031 979 1211 1060 astrologia
1230 1001 1281 1046 re·

152 1071 243 1160 perta
263 1076 407 1137 Manilius
427 1080 612 1156 prosecutus
631 1082 722 1152 esset,
736 1095 799 1138 nou
815 1076 849 1136 in
863 1076 956 1138 rebus
972 1078 1053 1139 tanti
1069 1079 1218 1158 ponderis
1232 1080 1280 1142 in·

153 1181 275 1237 certum
299 1192 373 1236 eum
388 1172 595 1253 dubiumque
619 1191 840 1234 remansurum
863 1174 969 1254 fuisse,
997 1194 1099 1255 neque
1122 1179 1281 1240 contraria

152 1272 223 1353 pari
239 1271 345 1333 studio
364 1269 565 1350 explicuisse,
585 1270 639 1331 sed
656 1275 767 1332 contra
786 1271 929 1332 alterutri
949 1272 1034 1352 parti
1052 1273 1176 1336 favisse.
1202 1275 1280 1338 Cum

153 1376 260 1431 autem
285 1366 404 1429 nullam
428 1367 574 1429 haeresim
597 1368 776 1448 arripuerit,
801 1387 902 1449 neque
924 1369 1097 1449 quidquam
1121 1371 1278 1448 maluerit,

152 1468 206 1529 sed
226 1467 334 1529 omnia
352 1466 471 1547 pariter
491 1485 562 1547 quae
582 1485 691 1528 omnes
713 1465 776 1527 sint
797 1467 940 1546 professi,
957 1486 1067 1547 aequus
1090 1486 1279 1550 securusque

151 1565 345 1647 exposuerit,
361 1584 426 1627 non
442 1563 519 1624 mihi
540 1563 694 1624 credentis
714 1569 745 1624 et
764 1564 983 1645 persuadentis
1001 1566 1084 1627 dces
1103 1585 1208 1646 agere,
1224 1568 1279 1628 sed

151 1664 251 1725 critici
264 1668 296 1724 et
310 1661 450 1724 historici
465 1661 598 1738 videtur,
617 1662 670 1740 qui
694 1681 759 1722 non
780 1681 863 1738 suas,
881 1663 936 1723 sed
952 1662 1086 1724 aliorum
1106 1664 1277 1744 doctrinas,

151 1762 273 1824 nullam
295 1761 499 1840 amplectens,
516 1759 638 1821 nullam
657 1779 808 1840 respuens
828 1761 962 1823 evolvat.
983 1763 1047 1822 Nisi
1067 1763 1137 1843 quis
1156 1769 1188 1824 et
1205 1763 1280 1825 rhe-

151 1860 229 1922 toris
249 1858 375 1932 dixerit,
398 1858 451 1938 qui
470 1857 550 1918 nihil
570 1858 715 1919 omittere
734 1858 821 1935 velit,
843 1860 928 1940 quod
948 1866 1092 1922 auctores
1110 1861 1277 1936 tradidere,

151 1958 235 2018 unde
251 1956 366 2037 aliquis
382 1955 514 2017 carmini
529 1962 659 2017 umatus
677 1956 750 2016 addi
765 1955 873 2036 possit.

190 2057 260 2116 Non
276 2053 373 2132 igitur
387 2054 529 2133 prolecto
544 2053 690 2114 Manilius
709 2052 857 2129 religioso
881 2053 1020 2132 quodam
1038 2055 1160 2115 fervore
1177 2061 1280 2116 astro·

151 2152 293 2214 numiam
318 2151 437 2231 etipse
460 2150 593 2212 coluisse
619 2156 651 2211 et
674 2156 805 2211 conatus
830 2148 926 2211 fuisse
952 2157 987 2211 ut
1010 2151 1106 2212 ceteri
1128 2151 1277 2226 colerent,

150 2249 311 2330 putandus
323 2253 381 2313 est.

693 2537 735 2598 llI

189 2703 230 2762 At
245 2684 382 2779 cuipiam
397 2699 531 2760 fortasse
542 2717 607 2760 non
622 2695 798 2778 apparebit,
811 2714 878 2770 cur,
890 2694 1038 2776 quianon
1053 2694 1192 2756 ardentis
1205 2695 1278 2758 fidei

151 2797 287 2860 stimulis
301 2796 466 2857 instinctus
481 2796 550 2870 fuit,
561 2794 727 2856 materiam
744 2794 826 2855 hanc
844 2793 991 2877 carminis
1005 2792 1065 2854 sibi
1079 2794 1279 2874 proposuerit

151 2895 306 2957 lubricam
322 2913 397 2955 sane
411 2911 447 2955 ac
460 2892 631 2969 difficilem,
648 2911 716 2971 nec,
731 2897 766 2954 ut
778 2891 914 2965 videtur,
931 2890 1061 2972 poeticis
1075 2890 1277 2953 facultatibus

152 2993 438 3068 accommodatam.

190 3090 281 3163 Quod
301 3089 391 3150 nobis
415 3088 616 3151 enodandum
638 3109 703 3152 uon
726 3089 859 3150 multum
879 3088 997 3167 negotii
1016 3088 1180 3170 praebebit.
1198 3090 1277 3150 Nam

150 3207 257 3250 rerum
277 3188 400 3248 novitas
420 3192 562 3247 nostrum
580 3187 646 3247 sine
667 3186 762 3247 dubio
783 3186 904 3261 allexit,
917 3193 953 3247 ut
971 3185 1203 3265 suscipiendum
1218 3184 1278 3246 hoe

150 3304 229 3365 opus
255 3285 395 3363 eligeret.
425 3285 520 3364 Cujus
547 3283 710 3344 sententiae
737 3283 863 3343 veritati
894 3281 1074 3342 testimonio
1101 3285 1164 3354 est,
1192 3281 1278 3359 quod

149 3402 233 3464 saepe
257 3382 291 3441 in
314 3382 453 3443 carmine
478 3388 572 3461 poeta
589 3382 704 3461 jactat,
735 3398 818 3441 nova
843 3398 875 3440 se
903 3384 935 3439 et
961 3377 1104 3440 inaudita
1133 3396 1278 3441 canere:

149 3498 252 3561 neque
265 3479 539 3563 enimquidquam
556 3468 766 3539 inscribendo
781 3477 869 3558 prius
884 3476 1071 3557 profitetur:

296 3666 429 3723 Carmine
445 3666 552 3721 divinas
569 3668 644 3720 artes
658 3668 687 3719 et
701 3664 816 3719 conscia
830 3662 884 3717 fati

293 3747 404 3818 Sidera,
421 3746 710 3801 diversoshominum
725 3742 867 3799 variantia
884 3758 975 3799 casus.

294 3826 430 3899 (Caelestis
444 3826 565 3881 rationis
580 3824 676 3897 opus),
692 3823 833 3879 deducere
848 3822 956 3877 mundo

294 3906 465 3978 Aggredior,
477 3910 641 3976 primusque
660 3905 734 3958 nonu
748 3902 885 3956 Helicona
899 3916 1016 3957 movere

294 3986 428 4042 Cantibus
443 3989 472 4040 et
487 3984 569 4039 viridi
583 3985 717 4038 nutantes
732 3981 836 4037 vertice
851 3981 948 4050 silvas,

293 4068 411 4137 Hospite
425 4082 506 4121 sacra
520 4064 626 4133 ferens,
641 4063 712 4118 nutti
726 4065 875 4117 memoratu
883 4064 1011 4132 priorum
1030 4058 1052 4113 ¹.

183 4266 205 4314 l.
221 4264 337 4322 Astron„
354 4264 399 4329 lll,
415 4266 469 4315 680.

181 4337 204 4385 2.
217 4334 295 4393 mid,
312 4334 334 4398 I,
349 4338 395 4386 to.

223 4424 338 4480 Leusou.
