3184 5125
660 482 820 545 ..Μ-

723 690 768 757 ΙΙΙ
789 710 795 721 ’

218 830 365 891 Attamen
374 828 468 907 longe
476 828 765 913 gravissimaatque
776 831 1027 912 implicatissima
1036 833 1167 913 quaestio
1177 833 1240 896 alia
1249 841 1309 913 est,

177 926 217 989 de
235 946 299 1007 qua
313 927 400 988 varie
420 926 615 1007 disputatum
637 934 684 989 est
701 950 707 989 ε
725 929 840 1008 quibus
854 930 971 992 scilicet
991 931 1185 1011 temporibus
1204 932 1307 993 Mani-

178 1026 239 1085 lius
252 1025 305 1085 ille
322 1032 353 1085 et
365 1024 479 1085 vixerit
488 1030 641 1105 etpoema
651 1027 822 1108 scripserit.
833 1027 868 1088 ld
882 1029 978 1107 igitur
991 1048 1075 1089 nunc
1088 1030 1306 1108 quaerendum,

180 1122 231 1184 cui
244 1122 444 1202 potissimum
460 1124 793 1203 assentiamus,utrum
808 1125 968 1203 Scaligero
985 1131 1016 1187 et
1026 1126 1166 1188 Bentleio
1179 1132 1306 1206 poetam

181 1226 324 1281 nostrum
337 1220 479 1297 Augusto
493 1219 628 1300 principi
643 1221 872 1298 addicentibus,
890 1242 931 1282 an
945 1224 1064 1285 Jacobo
1080 1223 1304 1303 Merkelioque,

181 1317 367 1379 inchoatum
385 1318 529 1397 Augusti,
547 1318 661 1379 Tiberii
678 1319 874 1399 temporibus
887 1319 1066 1381 absolutum
1085 1339 1213 1381 carmen
1228 1321 1308 1381 exis·

183 1414 379 1489 timantibuS‚
396 1433 437 1475 an
450 1414 585 1494 denique
602 1415 677 1476 viris
693 1416 775 1476 inter
787 1418 959 1478 Germanos
972 1416 1188 1477 eruditissimis
1207 1417 1306 1478 Lach-

186 1530 283 1571 mann
297 1512 319 1585 ¹,
334 1512 438 1574 Freier
451 1512 463 1547 ²
477 1519 509 1574 et
524 1510 654 1575 Cramer
669 1513 692 1592 ³,
711 1518 812 1574 totum
825 1515 972 1593 opussub
989 1515 1113 1576 Tiberio
1129 1514 1307 1576 confectum

186 1608 442 1671 affirmantibus?
959 1629 961 1632 ·

224 1708 355 1769 Summa
369 1725 444 1769 sane
457 1708 490 1769 vi
501 1714 533 1770 et
544 1708 625 1770 miro
638 1708 782 1770 acumine
792 1709 977 1770 Lachmann
990 1715 1021 1770 et
1030 1709 1135 1772 Freier
1147 1712 1187 1772 ad
1198 1709 1310 1771 confir·

182 1805 335 1865 mandam
349 1805 496 1866 omnibus
521 1807 714 1884 argumentis
734 1808 922 1869 sententiam
945 1826 1035 1869 suam
1055 1807 1306 1887 disputaverunt.

182 1901 258 1963 Mihi
287 1909 395 1963 tamen
423 1921 488 1963 non
514 1911 737 1984 persuaserunt
764 1924 803 1965 ex
831 1905 900 1984 ipso
928 1924 1023 1985 opere
1051 1925 1205 1986 apparere
1225 1904 1310 1986 quod

182 2000 308 2073 docent,
327 2019 385 2062 nec
404 2006 529 2061 tantum
550 2003 697 2082 expedire
718 2008 872 2083 quantum
896 2010 1042 2082 torquere
1063 2003 1181 2064 Manilii
1201 2023 1309 2065 versus

183 2098 245 2160 visi
267 2104 349 2159 sunt.
371 2098 449 2158 (lum
470 2104 576 2160 autem
601 2100 708 2161 Freier
731 2100 872 2180 opinioni
899 2099 1046 2159 institerit
1071 2118 1166 2179 quam
1190 2100 1311 2179 primus

185 2194 369 2256 Lachmann
394 2188 618 2277 proposuerat,
645 2215 777 2278 eamque
802 2197 901 2257 fusius
923 2196 1112 2275 explicatam
1139 2196 1246 2256 multis
1273 2214 1311 2257 ac
1361 2211 1363 2214 ·

187 2292 278 2355 novis
290 2294 419 2372 repertis
435 2295 629 2374 argumentis
643 2294 803 2368 munierit,
815 2294 910 2373 hujus
923 2283 1074 2374 opusculo
1090 2312 1219 2374 operam
1234 2294 1310 2355 dare

186 2392 263 2451 satis
278 2390 346 2469 erit,
363 2391 492 2471 ejusque
512 2392 608 2453 verba
629 2412 664 2455 ac
685 2393 823 2453 rationes
842 2392 1010 2471 diligenter
1033 2391 1201 2454 aestimare.
1215 2391 1311 2471 Cujus

185 2489 219 2549 in
239 2489 420 2551 acutissima
439 2490 652 2571 disputatione
671 2491 778 2552 omnia
802 2509 876 2552 sane
896 2490 1057 2551 cohaerent
1077 2510 1114 2552 ac
1134 2496 1312 2571 congruunt

185 2587 268 2648 inter
282 2607 314 2649 se
332 2605 338 2648 :
355 2587 466 2649 sedita
486 2589 647 2650 cohaerent
659 2607 695 2650 ac
711 2595 902 2668 congruunt,
917 2595 952 2650 ut
963 2589 1110 2668 quaedam
1127 2589 1206 2649 mihi
1220 2588 1311 2648 dubi·

185 2684 264 2745 tatio
289 2691 408 2763 surgat,
426 2687 586 2765 quomodo
611 2687 679 2747 fieri
704 2687 813 2767 possit,
834 2687 924 2749 utin
947 2705 980 2748 re
1003 2693 1066 2747 tam
1089 2687 1313 2770 obscuratam

187 2781 289 2842 multa
315 2802 351 2844 ac
377 2789 463 2844 certa
489 2784 636 2864 cuiquam
664 2790 849 2865 appareant.
872 2787 915 2845 Ac
947 2783 1055 2862 timeo,
1082 2801 1122 2844 ne
1150 2782 1312 2862 ingenioso

187 2879 255 2940 viro
280 2899 337 2941 sua
360 2881 439 2943 adeo
457 2883 612 2942 sententia
635 2882 800 2963 placuerit,
825 2889 858 2943 ut
883 2901 994 2944 omnes
1015 2881 1081 2961 ejus
1107 2879 1314 2961 cogitationes

186 2978 279 3057 quasi
303 2977 452 3040 imbuerit
480 2985 511 3040 et
538 2979 696 3058 iniecerit,
722 3000 800 3042 neve
830 2981 929 3041 multa
956 2980 1041 3061 apud
1070 2979 1231 3040 Manilium
1262 2978 1315 3039 de·

188 3074 384 3166 prehendere
397 3077 456 3138 sibi
469 3077 553 3138 visus
568 3079 617 3152 sit,
636 3098 706 3158 quae
721 3079 753 3139 in
769 3078 837 3158 ejus
855 3084 979 3139 tantum
1000 3084 1104 3139 mente
1123 3077 1311 3138 insidebant.

230 3172 371 3234 Primum
386 3175 468 3236 enim
482 3194 520 3236 ea
532 3175 685 3237 omninoe
699 3176 911 3254 disputatione
923 3182 996 3236 sunt
1009 3175 1159 3252 tollenda,
1169 3193 1239 3252 quae
1248 3190 1314 3232 non

188 3269 235 3330 ita
255 3271 294 3332 ad
314 3272 429 3333 Tiberii
448 3279 592 3353 tempora
607 3275 771 3335 referenda
786 3279 870 3348 sunt,
887 3280 922 3333 ut
940 3273 1050 3333 iisdem
1070 3269 1266 3351 temporibus
1283 3274 1315 3328 et

187 3387 270 3449 opus
289 3375 320 3430 et
343 3371 530 3450 scriptorem
551 3370 758 3432 addicendum
782 3389 848 3429 esse
868 3369 1026 3441 evincant,
1049 3367 1104 3427 sed
1126 3367 1171 3426 ita
1189 3369 1313 3426 tautum

189 3473 323 3546 possunt
338 3468 458 3540 reterri,
476 3469 502 3528 si
518 3469 586 3548 jam
606 3485 788 3530 concessum
807 3474 839 3528 et
853 3465 1055 3526 manifestum
1073 3464 1168 3525 luerit
1187 3468 1314 3544 poetam

188 3570 263 3644 post
272 3566 449 3644 Augustum
460 3573 620 3628 mortuum
634 3566 675 3628 ad
688 3565 907 3644 explicandam
921 3562 1126 3643 astrologiam
1137 3561 1313 3624 accessisse.

187 3661 271 3734 Quid
285 3664 369 3724 enim
384 3664 415 3724 in
429 3664 478 3724 his
492 3663 633 3725 versibus
647 3670 768 3725 certam
782 3661 980 3743 potissimum
997 3666 1124 3723 aetatem
1140 3659 1318 3739 significat?

332 3816 445 3870 Funera
459 3830 526 3870 cum
542 3814 652 3870 facibus
666 3814 786 3870 ueniunt
796 3812 941 3884 ¹terrisque
956 3813 1106 3868 minantur
1157 3887 1160 3892 .

331 3894 470 3950 Ardentes
485 3894 546 3950 sine
560 3895 618 3950 fiue
632 3911 729 3967 rogae,
744 3910 810 3948 cum
824 3892 950 3948 muudus
965 3897 995 3948 et
1009 3893 1072 3964 ipsa

333 3977 462 4046 AEgrotat
476 3979 588 4042 natura,
606 3991 692 4030 suum
707 3974 809 4030 sortita
822 3972 1006 4044 sepulchrum
1022 3975 1044 4029 ¹⁵.

222 4126 246 4174 1.
260 4125 423 4186 Lachmann,
439 4125 524 4175 Klein.
539 4125 652 4189 schrift„
666 4125 763 4186 Berlin,
780 4125 849 4186 1872,
866 4125 900 4185 ll,
915 4125 1000 4187 42-45,
1012 4124 1050 4174 De
1063 4123 1141 4174 atate
1154 4121 1270 4173 Manilii.

220 4197 245 4244 2.
260 4195 359 4258 Freier,
375 4211 416 4260 op.
433 4196 451 4245 l.

221 4266 245 4315 3.
260 4265 375 4322 Cramer,
391 4281 432 4330 op.
448 4264 475 4324 1.,
493 4281 519 4331 p.
536 4267 559 4318 l.

221 4338 246 4386 1.
264 4336 364 4400 Manil,
377 4338 490 4395 Astron,
508 4337 533 4400 l,
545 4338 658 4389 aaa-895.
673 4339 771 4401 Freiar,
786 4353 828 4403 op.
844 4338 872 4397 1.,
886 4353 913 4402 p.
929 4339 969 4391 31.
