3184 5125
743 480 946 553 424-
1055 484 1061 494 .

307 628 377 701 Ubi,
394 633 431 712 ut
451 628 485 686 in
508 626 633 697 ceteris,
655 624 845 686 contendere
871 624 978 685 licebit
998 623 1036 685 de
1061 625 1202 701 Augusto
1223 629 1346 686 mortuo
1363 625 1441 703 agi.

305 730 416 787 Nonne
438 730 543 784 autem
568 722 703 795 miraris,
724 740 794 783 cunr
818 722 898 799 adeo
922 722 1037 782 acriter
1058 720 1116 781 sub
1140 720 1264 782 Tiberio
1288 722 1443 803 principe

306 821 523 886 Astronomica
537 820 631 881 fuisse
650 819 767 899 scripta
777 820 911 899 jactent,
932 818 1120 899 paucissima
1136 818 1175 879 de
1195 818 1318 880 Tiberio
1336 839 1443 899 repe-

307 902 373 995 riri,
393 938 492 999 eaque
516 917 612 978 dubia
630 922 662 978 et
677 917 809 995 incerta,
830 934 964 996 quaeque
982 916 1020 977 de
1043 917 1182 995 Augusto
1202 915 1294 978 multi
1315 916 1442 978 intelli·

307 1038 380 1099 gere
399 1017 530 1097 possint,
553 1016 591 1075 de
609 1016 750 1093 Augusto
769 1021 876 1075 autem
894 1013 1052 1094 permulta
1069 1020 1101 1075 et
1119 1014 1337 1093 apertissima?
1354 1016 1441 1087 Quae

308 1122 413 1177 autem
435 1113 496 1175 ista
514 1119 561 1173 est
580 1112 673 1186 ratio,
690 1114 799 1173 omnes
818 1111 927 1172 laudes
947 1118 979 1171 et
994 1103 1192 1173 adulationes
1211 1131 1274 1173 non
1295 1112 1329 1172 in
1347 1112 1442 1201 prin-

307 1214 420 1293 cipem,
446 1211 495 1272 cui
519 1230 609 1291 opus,
628 1215 663 1271 ut
685 1209 806 1282 dicunt,
828 1209 887 1270 suit
905 1209 1094 1284 dedicatum,
1114 1208 1168 1269 sed
1189 1209 1223 1269 in
1246 1210 1440 1271 defunctum

306 1330 365 1372 nec
390 1311 457 1389 jam
482 1314 668 1389 praesentem
692 1307 869 1387 principem
893 1306 1079 1368 cumulare?
1104 1307 1185 1368 Sane
1208 1308 1283 1369 novi
1306 1308 1439 1386 generis

306 1410 491 1488 scriptorem
515 1405 681 1478 habemus,
703 1424 774 1465 cum
795 1422 906 1465 omnes
924 1423 1048 1483 semper
1066 1411 1168 1483 poetae
1186 1410 1218 1464 et
1235 1405 1378 1466 rhetores
1402 1407 1440 1466 in

305 1505 479 1567 viventium
494 1508 617 1562 tantum
633 1507 665 1562 et
678 1501 878 1579 regnantium
894 1500 1074 1562 laudatione
1086 1500 1174 1561 nimii
1190 1501 1283 1562 luisse
1297 1520 1439 1582 arguan-

306 1608 370 1663 tur.
385 1600 503 1662 Deinde
521 1597 597 1677 quid
614 1597 653 1658 de
672 1596 734 1657 illis
754 1616 825 1678 quae
844 1597 953 1659 dicunt
970 1598 1148 1660 Germanici
1167 1598 1343 1679 Tiberiique
1364 1600 1438 1661 the-

307 1696 456 1772 matibus,
471 1696 509 1757 de
525 1694 638 1775 quibus
646 1695 715 1774 jam
731 1694 912 1771 verbalem,
927 1695 1118 1757 credendum
1131 1696 1181 1770 sit,
1196 1696 1269 1757 hinc
1284 1706 1434 1776 apparet,

309 1816 380 1860 cum
406 1795 458 1856 hic
481 1793 614 1871 Augusti
638 1792 747 1853 thema
770 1792 873 1853 obiter
895 1792 1055 1872 attingens
1076 1795 1252 1873 Augustum
1276 1794 1435 1870 nominet,

224 1929 225 1932 =
309 1894 374 1955 illie
398 1897 503 1954 autem
527 1888 653 1950 illorum
679 1889 832 1967 themata,
851 1895 886 1950 ut
904 1890 1019 1962 ierunt,
1040 1889 1138 1951 fusius
1156 1890 1328 1969 explicans,
1349 1910 1436 1953 neu·

307 1998 392 2054 trum
409 1988 537 2069 proprio
552 1987 679 2048 nomine
694 1987 745 2048 vel
760 1986 825 2048 ullo
841 1985 933 2047 titulo
947 1985 1095 2067 appellet.

349 2090 484 2161 Quartus
507 2090 582 2147 vero
605 2083 684 2145 liber
706 2103 856 2163 magnam
875 2083 1106 2145 dubitationem
1125 2084 1233 2147 trahit.
1250 2087 1368 2166 Nempe
1388 2086 1436 2147 ibi
1489 2123 1491 2128 ·

310 2178 457 2249 Tiberius
465 2184 532 2245 sine
545 2181 642 2243 dubio
657 2182 809 2243 innuitur.

447 2346 495 2400 Est
509 2342 635 2408 Rhodos,
650 2340 809 2413 hospitium
820 2340 926 2396 recturi
940 2340 1077 2412 principis
1092 2341 1201 2411 orbem,

450 2423 580 2491 Tumque
596 2420 699 2475 domus
714 2436 780 2475 vere
795 2420 864 2475 solis
880 2420 925 2474 cui
940 2423 1001 2475 tota
1013 2425 1126 2475 sacrata
1139 2425 1191 2485 est,

451 2500 524 2556 Cum
539 2502 656 2572 caperet
668 2498 768 2554 lumen
782 2498 882 2572 magni
895 2498 948 2554 sub
963 2500 1073 2555 Caesare
1087 2500 1189 2555 mundi
1203 2502 1224 2555 ¹.

311 2651 370 2713 Sed
386 2651 461 2730 quid
472 2650 548 2724 dixi,
560 2648 720 2710 Tiberium
734 2649 843 2711 innui?
854 2652 934 2710 Nam
944 2650 1050 2711 rreier
1062 2651 1112 2712 vir
1124 2670 1199 2713 sane
1209 2670 1281 2714 cum
1297 2651 1435 2730 vulgatis

310 2753 379 2810 tum
393 2747 566 2808 manifestis
581 2747 742 2808 sententiis
753 2746 985 2822 infestissimus,
996 2747 1080 2809 hunc
1090 2766 1188 2808 unum
1202 2748 1234 2810 in
1247 2767 1310 2828 quo
1323 2767 1436 2811 omnes

311 2845 539 2905 conveniebant
559 2845 663 2905 locum
682 2849 779 2922 negat
798 2843 844 2904 ita
862 2843 1114 2922 intelligendum,
1131 2852 1166 2906 ut
1184 2846 1294 2908 exsilio
1316 2846 1436 2908 'liberii

310 2939 480 3001 alludatur.
496 2942 537 2999 At
554 2940 676 3022 homini
692 2939 856 3016 ingenioso
876 2946 1019 3021 apparet,
1035 2942 1073 3002 de
1092 2942 1278 3004 Germanico
1299 2944 1362 3022 agi,
1379 2943 1435 3024 qui

246 3059 249 3065 ·
310 3055 382 3097 cum
399 3037 503 3118 Asiam
520 3042 651 3116 peteret,
667 3036 699 3096 iu
713 3036 773 3097 hac
790 3035 894 3098 insula
908 3037 1139 3118 aliquantisper
1155 3038 1336 3101 deversatus
1349 3048 1397 3102 est
1409 3041 1432 3100 ².

310 3133 384 3207 Quis
399 3151 475 3194 vero
491 3133 609 3207 credat,
624 3133 705 3194 tanti
719 3135 874 3195 momenti
887 3135 982 3199 fuisse
995 3135 1045 3197 vel
1058 3143 1124 3197 tam
1138 3137 1294 3216 insignem
1308 3139 1436 3198 Germa·

310 3231 373 3294 uici
392 3231 424 3292 in
443 3231 546 3294 insula
568 3231 679 3292 Rhodo
700 3233 996 3307 commorationem,
1012 3239 1047 3293 ut
1070 3233 1115 3294 ita
1137 3252 1156 3295 a
1177 3241 1273 3316 poeta
1295 3235 1436 3296 celebra·

310 3329 417 3390 retur?
442 3329 522 3401 Quin
547 3329 643 3408 igitur
668 3329 738 3408 pari
766 3329 888 3392 honore
912 3350 1021 3392 omnes
1048 3332 1134 3392 locos
1160 3338 1346 3411 prosecutus
1372 3338 1432 3406 est,

313 3425 425 3506 quibus
444 3426 575 3504 contigit
589 3433 657 3487 uta
674 3427 859 3488 Germanico
879 3428 1073 3490 viserentur?
1086 3431 1149 3490 Aut
1162 3447 1227 3490 non
1243 3429 1333 3508 quasi
1351 3447 1434 3491 com-

310 3521 399 3583 muni
418 3540 508 3582 sensu
524 3522 743 3594 admonemur,
760 3542 832 3584 cum
853 3525 890 3585 de
911 3531 1035 3588 recturo
1054 3526 1163 3587 orbem
1180 3526 1321 3606 principe
1341 3525 1434 3586 Mani-

311 3619 371 3678 lius
394 3617 553 3697 loquatur‚
575 3637 709 3699 eumque
733 3621 836 3685 Rhodi
857 3620 970 3683 vixisse
991 3621 1087 3698 dicat,
1107 3622 1146 3684 de
1170 3622 1285 3684 Tiberii
1307 3628 1432 3684 tantum

311 3714 425 3794 insigni
448 3714 557 3776 exsilio
578 3717 630 3794 agi
653 3718 766 3796 posse?
786 3718 827 3778 At
849 3718 933 3779 enim
957 3718 1019 3781 ista
1040 3720 1108 3781 laus
1129 3720 1313 3782 Germanico
1335 3737 1431 3799 quam

313 3811 436 3872 Tiberio
457 3817 503 3872 est
524 3811 676 3890 dignior:
700 3815 775 3894 quid
795 3815 921 3876 cetera?
940 3834 1005 3878 non
1024 3818 1165 3896 Augusto
1187 3837 1283 3897 quam
1305 3816 1431 3878 Tiberio

311 3908 455 3985 digniora
471 3915 575 3984 erant;
597 3915 628 3970 et
647 3915 755 3972 tamen
774 3930 812 3972 ea
831 3913 955 3975 Tiberio
975 3914 1097 3976 tribuis.
1114 3916 1175 3977 Sed
1191 3915 1262 3996 quis
1277 3921 1342 3976 tam
1356 3914 1429 3976 sim-

309 4004 382 4084 plex
402 4025 438 4066 ac
458 4006 620 4081 candidus,
636 4009 692 4089 qui
713 4008 751 4070 de
771 4007 917 4072 laudibus
932 4019 956 4072 a
974 4018 1068 4092 poeta
1087 4013 1192 4074 effusis
1210 4017 1345 4093 quaerat,
1361 4017 1431 4072 uter

309 4099 347 4161 iis
360 4101 454 4163 fuerit
467 4103 612 4182 dignior?

340 4252 364 4300 l.
375 4251 476 4316 Manli„
488 4254 605 4313 Astron„
619 4255 663 4315 tv,
678 4259 732 4307 tot.

339 4321 363 4372 2.
378 4322 476 4387 Freier,
490 4338 531 4390 op.
547 4325 575 4384 t,
592 4340 618 4390 p.
633 4327 663 4378 39
678 4331 705 4378 et
718 4329 757 4378 te.
