3184 5125
280 565 367 626 nium
383 564 503 625 formas
516 568 547 623 et
558 561 685 640 ingenia
697 567 728 622 et
742 561 869 623 babitus
879 568 933 624 ant
949 559 1153 624 describendo
1169 566 1223 621 aut
1238 560 1410 624 alludendo

280 661 519 725 consumebant.
546 659 627 733 Quid
656 678 732 738 ergo
759 659 891 734 mirum,
914 660 940 720 si
964 659 1062 720 semel
1086 657 1196 719 rhetor
1218 659 1349 739 quidam
1373 661 1410 722 de

280 759 373 822 astris
393 759 451 820 sibi
472 757 667 838 loquendum
687 756 880 818 decreverit?
899 759 944 819 llo
968 755 1143 837 praesertim
1168 761 1324 836 tempore,
1346 777 1410 839 quo

280 857 427 938 princeps
450 856 517 936 ipse
536 854 742 934 hominesque
765 853 996 928 humanissimi,
1013 872 1071 914 nac
1088 853 1193 913 minus
1212 852 1361 931 ignarum
1381 862 1412 916 et

282 956 414 1016 stultum
428 952 540 1031 vulgus
556 949 734 1030 astrologiae
752 953 925 1026 studerent,
941 951 1106 1030 sideraque
1127 948 1260 1011 sollicite
1272 951 1411 1014 interro-

282 1057 404 1133 garent,
421 1069 492 1132 quae
507 1049 566 1112 sibi
583 1049 655 1110 fatis
669 1049 827 1110 destinata
841 1049 949 1111 inisset
963 1050 1101 1137 fortuna.
1116 1050 1230 1127 Atque,
1245 1048 1327 1110 sicut
1343 1049 1412 1110 aliis

281 1148 476 1230 temporibus
495 1147 597 1210 multa
617 1167 688 1228 quae
710 1147 750 1208 ed
769 1147 953 1226 religionem
973 1152 1028 1207 aut
1046 1146 1209 1207 scientiam
1224 1146 1412 1227 spectabant

281 1247 455 1311 otiosorum
466 1246 633 1308 hominum
646 1245 900 1325 elegantiumque
910 1243 1217 1307 adolescentulorum
1230 1243 1412 1325 leviumque

282 1344 471 1428 feminarum
491 1343 605 1406 fabulis
625 1344 744 1422 agitata
765 1349 849 1418 sunt,
869 1343 916 1404 ita
932 1342 1075 1423 profecto
1095 1347 1162 1402 tum
1184 1340 1359 1420 astrologia
1380 1343 1412 1402 in

282 1442 400 1521 animo,
416 1449 452 1504 ut
465 1442 510 1503 ita
529 1441 643 1520 dicam,
659 1447 689 1501 et
707 1441 742 1501 in
758 1459 813 1502 ore
831 1439 997 1501 hominnm
1018 1439 1213 1500 versabatur.
1230 1441 1308 1499 Nam
1326 1431 1411 1500 vide-

282 1557 353 1599 mus
375 1539 408 1598 iu
432 1538 571 1619 quadam
593 1537 734 1600 suasoria
752 1537 977 1599 scholasticum
997 1536 1159 1598 hominem
1173 1555 1238 1597 non
1255 1537 1411 1616 paneade

284 1654 322 1698 ea
334 1654 366 1696 re
381 1635 479 1696 verba
492 1635 601 1696 iecisse
618 1655 625 1694 ε
644 1659 659 1691 «
675 1635 734 1707 Qui
748 1654 823 1696 vero
843 1635 876 1695 iu
897 1634 1000 1696 media
1014 1653 1058 1709 se,
1075 1640 1110 1695 ut
1126 1634 1312 1714 praedicant,
1327 1635 1412 1695 lato·

281 1750 352 1794 rum
371 1732 483 1794 misere
502 1731 647 1813 pignora,
665 1731 788 1794 natales
809 1733 984 1812 inquirunt,
1005 1737 1035 1793 et
1056 1731 1191 1812 primam
1217 1731 1277 1793 oevi
1297 1731 1412 1792 horam

284 1830 425 1892 omnium
444 1847 600 1892 annornm
620 1829 740 1892 habent
755 1829 917 1904 nuntiam;
935 1849 998 1909 qno
1021 1829 1115 1890 ierint
1134 1836 1223 1890 motu
1241 1829 1356 1907 sidera,
1380 1829 1412 1889 in

284 1947 363 2008 quas
382 1926 625 1989 discucurrerint
644 1932 761 2007 partes,
782 1933 934 1988 contrane
955 1926 1031 1988 deus
1054 1927 1185 2001 steterit,
1204 1945 1246 1987 an
1269 1925 1413 2006 placidus

283 2025 447 2088 adfulserit
462 2025 525 2100 sol;
542 2044 584 2086 an
600 2025 726 2107 plenam
741 2024 857 2104 lucem,
875 2024 940 2106 [an]
959 2025 1051 2086 initia
1067 2025 1224 2102 surgentis
1243 2025 1409 2104 acceperit,

282 2141 323 2186 en
338 2123 494 2186 abdiderit
512 2123 545 2185 in
563 2129 687 2185 noctem
705 2123 871 2185 obscuram
888 2128 983 2203 caput
1002 2121 1094 2182 luna:
1113 2123 1265 2184 Saturnus
1279 2141 1411 2184 nascen-

283 2224 358 2301 tem',
375 2240 417 2284 an
430 2221 471 2282 ad
486 2220 570 2282 bella
589 2222 672 2283 Mars
689 2220 831 2295 militem,
849 2239 890 2281 an
904 2219 1102 2298 negotiosum
1121 2219 1153 2279 in
1176 2226 1317 2298 quaestus
1331 2221 1410 2282 Mer-

284 2319 388 2380 curius
413 2317 586 2398 exceperit,
610 2337 651 2379 an
674 2317 793 2379 blanda
820 2318 966 2379 adnuerit
992 2317 1134 2378 nascenti
1162 2318 1284 2391 Venus,
1308 2336 1351 2378 an
1374 2337 1412 2378 ex

284 2413 397 2476 humili
419 2415 454 2476 in
476 2413 610 2476 sublime
628 2415 774 2495 Juppiter
792 2415 909 2490 tulerit,
929 2415 1088 2476 aestimant
1114 2435 1121 2475 :
1145 2420 1191 2475 tot
1211 2414 1294 2476 circa
1313 2434 1411 2476 unum

286 2517 381 2594 caput
401 2512 630 2575 tumultuantes
649 2512 734 2577 deos.
758 2516 832 2575 »At
856 2513 907 2576 hic
929 2512 1031 2575 omnis
1055 2510 1215 2593 religionis
1238 2532 1351 2594 expers
1374 2532 1411 2575 ea

283 2609 464 2674 incredulus
479 2618 632 2693 tanquam
647 2630 729 2673 vana
744 2618 774 2673 et
792 2617 975 2674 commenta
989 2610 1129 2692 spernit:
1147 2635 1163 2667 «
1180 2612 1312 2680 Incertae
1328 2612 1410 2674 enim

284 2710 376 2773 sortis
395 2710 529 2771 vivimus
550 2729 557 2771 ι
584 2710 753 2791 unicuique
776 2710 838 2771 ista
859 2729 917 2790 pro
942 2709 1069 2788 ingenio
1093 2709 1267 2788 finguntur,
1288 2728 1411 2772 nones

284 2806 346 2869 fide
370 2806 551 2869 scientiae1.
573 2831 588 2864 »
609 2808 684 2879 Quae
706 2807 765 2867 nisi
789 2806 935 2868 homines
956 2807 1111 2869 delectare
1134 2806 1325 2879 debuissent,
1347 2827 1410 2869 non

285 2908 351 2966 tam
369 2903 499 2981 longum
519 2903 551 2963 in
570 2903 607 2963 iis
624 2902 718 2963 luisse
736 2904 897 2963 rhetorem
920 2904 1025 2966 credo.
1047 2904 1136 2965 Unde
1155 2904 1289 2982 intelligi
1309 2911 1412 2985 potest

284 3018 340 3062 cur
355 3005 387 3061 et
402 2998 532 3062 Manilio
547 3000 736 3061 succurrerit
750 2998 848 3060 talem
865 3001 1033 3061 materiem
1048 3000 1175 3079 eligere,
1186 3008 1218 3062 et
1231 3002 1276 3063 ita
1290 3003 1411 3064 aridam

288 3116 325 3161 ae
339 3096 500 3161 difficilem
514 3097 580 3179 ipse
597 3116 667 3159 eam
680 3096 878 3177 judicaverit,
893 3103 928 3158 nt
942 3098 1104 3177 ingenium
1123 3099 1309 3179 explicantis
1329 3119 1413 3164 com-

287 3196 465 3277 mendaret,
481 3214 546 3259 non
560 3202 596 3258 ut
607 3195 702 3259 taedio
717 3200 814 3278 atque
828 3196 902 3258 odio
918 3196 1058 3275 legentes
1071 3197 1250 3259 conficeret.

840 3517 853 3581 Ι

325 3706 438 3769 Noster
447 3706 543 3787 igitur
555 3726 662 3769 versus
672 3708 711 3769 de
724 3715 879 3769 astrorum
894 3707 1060 3769 virtutibus
1071 3705 1257 3787 pungendus
1269 3703 1329 3766 sibi
1344 3720 1412 3783 pro·

288 3804 403 3887 posuit.
420 3806 499 3866 Nam
518 3804 590 3867 inde
608 3806 755 3886 sperabat
773 3822 989 3868 summo-cum
1004 3804 1125 3865 honore
1143 3824 1199 3865 suo
1217 3801 1411 3864 declaratum

287 3900 338 3979 iri,
356 3908 476 3983 quanta
494 3902 651 3983 elegantia
673 3903 863 3983 solertiaque
882 3903 915 3964 in
931 3902 1104 3963 tractandis
1123 3919 1254 3981 poeseos
1275 3896 1412 3959 numeris

289 4000 382 4062 sciret
397 4001 453 4063 uti.
470 4000 565 4080 Cujus
584 4000 630 4063 rei
644 4002 692 4062 vir
705 4002 740 4063 in
758 4001 869 4081 primis
884 4001 1002 4081 peritus
1018 4000 1052 4061 L.
1068 3999 1179 4062 Miiller
1198 3996 1412 4059 testimonium

291 4096 407 4159 summi
429 4098 577 4179 ponderis
595 4098 711 4173 attulit,
733 4099 766 4159 in
780 4098 1006 4160 Astronomicis
1024 4102 1199 4160 correctam
1218 4092 1411 4177 prosodiacae

315 4299 341 4351 1.
356 4298 420 4352 Son.
433 4298 513 4362 rhet,
525 4298 612 4360 Suus,
624 4301 665 4360 IV,
677 4303 704 4352 2⁶
718 4302 760 4353 ed.
773 4301 916 4365 Kiessling,
930 4316 957 4365 p.
969 4304 1008 4353 28.
1030 4327 1032 4331 ·
