3184 5125
656 391 818 483 —155

168 534 231 595 Nec
253 528 355 590 ullum
374 525 526 588 indicium
547 525 621 587 inde
645 526 726 587 sumi
743 527 816 606 jure
841 526 989 600 arbitror,
1011 527 1096 605 quod
1118 533 1213 607 poeta
1232 547 1299 591 non

168 628 341 709 alloquitur
354 627 544 703 Augustum,
561 623 668 685 sedda
684 642 721 684 eo
736 623 823 684 velut
844 624 937 684 tertia
956 642 1092 703 persona
1111 624 1260 706 loquatur
1274 629 1298 687 ¹.

167 731 246 789 Nam
261 726 412 806 primum,
430 722 489 784 etsi
502 723 662 799 Augustus
679 727 824 783 mortuus
838 727 930 795 essct,
947 740 1020 782 eum
1036 722 1156 801 alloqui
1176 724 1299 803 potuis-

167 832 215 888 set
231 841 239 885 :
255 824 326 906 quis
341 821 425 883 enim
442 825 537 900 poeta
549 820 598 881 vel
610 825 753 880 mortuos
766 818 815 880 vel
831 820 978 880 absentes
991 818 1039 880 vel
1057 820 1133 882 deos
1144 825 1298 901 tanquam

166 927 340 1005 praesentes
355 938 419 981 non
434 924 481 980 cst
496 917 672 979 allocutus?
686 919 844 978 Praeterea
858 916 1033 977 notandum
1047 922 1094 978 cst
1106 923 1137 979 et
1151 920 1299 999 quaedam

167 1022 292 1083 Tiberio
307 1038 326 1080 a
341 1023 450 1080 nostro
470 1015 575 1077 Freier
596 1016 696 1089 reddi,
712 1016 745 1075 in
765 1014 879 1095 quibus
897 1015 1064 1090 Caesarem,
1081 1017 1222 1096 quisquis
1237 1023 1299 1095 est,

167 1117 314 1181 Manilius
329 1114 503 1194 alloquitur
517 1114 540 1188 ²,
556 1132 628 1193 quae
647 1112 673 1174 si
685 1114 724 1174 de
736 1114 879 1191 Augusto
894 1111 1099 1194 accipiantur,
1114 1120 1148 1174 ut
1165 1132 1184 1175 a
1199 1116 1295 1176 Bent-

168 1217 230 1278 leio
250 1223 280 1276 et
300 1214 460 1292 Scaligero
478 1218 550 1273 sunt
569 1217 708 1291 accepta,
723 1210 791 1289 jam
812 1210 955 1271 Manilius
973 1211 1152 1289 alloquetur
1169 1212 1295 1289 Angus-

168 1322 253 1388 tum3
268 1319 298 1374 et
313 1312 376 1372 alia
391 1309 538 1390 quaedam
553 1308 719 1396 abeodem
735 1310 767 1368 in
781 1308 939 1368 Tiberium
956 1308 1041 1368 dicta
1054 1306 1149 1368 fuisse
1165 1310 1294 1385 censeri,

169 1412 203 1471 in
219 1411 331 1491 quibus
346 1414 440 1488 poeta
454 1426 519 1467 non
541 1425 612 1467 eum
632 1406 690 1466 etsi
709 1406 816 1466 vivum
836 1404 1058 1485 ridentemque
1077 1405 1249 1487 alloquitur
1270 1409 1294 1470 ³.

214 1508 370 1569 Tiberium
380 1524 452 1567 vero
464 1504 643 1582 astrologiae
655 1503 811 1564 curiosum
824 1503 1025 1583 peritumque
1036 1502 1067 1562 in
1078 1502 1187 1583 primis
1202 1504 1296 1566 fuisse

171 1605 309 1667 concedo
326 1626 332 1663 :
350 1622 420 1666 cum
434 1609 540 1664 autem
555 1620 613 1663 nec
629 1602 730 1681 ipsum
745 1603 921 1678 Augustum
938 1599 1006 1679 ejus
1027 1600 1121 1661 luisse
1134 1601 1299 1680 negligen-

169 1709 233 1765 tem
252 1703 357 1764 Freier
376 1702 524 1774 fateatur,
540 1699 644 1760 neutri
664 1698 763 1760 ullum
781 1700 854 1760 inde
872 1703 1096 1776 argumentum
1110 1699 1221 1778 surgit,
1240 1720 1297 1762 nec

167 1802 269 1880 magis
282 1819 320 1861 ea
335 1818 385 1860 res
399 1798 558 1859 Tiberium
573 1815 668 1876 quam
683 1798 857 1875 Augustum
873 1796 1075 1858 commendat
1090 1796 1112 1857 ‘.

207 1900 277 1961 lam
293 1897 392 1977 igitur
406 1914 508 1976 pauca
519 1895 725 1976 disputationi
739 1902 855 1956 nostrae
872 1894 980 1955 relicta
993 1901 1076 1970 sunt,
1089 1914 1161 1975 quae
1173 1895 1296 1974 jamdiu

166 2017 187 2059 a
212 1995 373 2075 scaligero
393 2000 424 2056 et
448 1992 589 2054 Bentleio
615 1998 647 2053 et
669 1993 801 2065 Jacobo,
825 1992 993 2053 novissime
1015 2009 1035 2052 a
1057 1993 1242 2053 Lachmann
1266 1999 1300 2054 et

165 2095 273 2155 Treier
291 2098 429 2154 tractata
445 2097 519 2153 sunt
537 2110 543 2151 :
559 2091 591 2151 in
606 2090 719 2170 quibus
732 2096 763 2150 et
783 2089 860 2150 olim
880 2093 912 2149 et
930 2106 1014 2147 nunc
1034 2094 1065 2148 et
1083 2088 1116 2148 in
1135 2096 1296 2168 posterum

169 2209 296 2273 quoque
321 2209 445 2251 summa
468 2195 531 2250 stat
549 2187 743 2269 quaestionis.
766 2187 842 2258 Quae
867 2184 1040 2247 secundum
1062 2184 1205 2247 ordinem
1226 2206 1297 2247 ver·

168 2308 261 2351 suum
278 2307 314 2349 ac
328 2288 482 2349 librorum
497 2280 700 2367 percensebo.

208 2386 365 2461 Manilius,
381 2385 415 2446 in
429 2384 584 2465 principio
599 2383 671 2444 libri
687 2381 791 2463 primi,
809 2399 889 2461 opus
903 2380 1018 2443 Gaesari
1033 2380 1156 2444 dedicat
1173 2400 1180 2444 ε

310 2580 392 2634 Hunc
406 2575 478 2632 mihi
491 2578 533 2644 tu,
549 2577 652 2642 Ceasar,
669 2573 773 2646 patriae
788 2573 978 2645 princepsque
991 2575 1139 2645 paterque,

311 2658 366 2723 Qui
380 2656 456 2728 regis
471 2655 600 2728 augustis
614 2658 768 2727 parentem
783 2653 897 2725 legibus
910 2653 1021 2722 orbem,

312 2739 544 2807 Concessumque
556 2735 634 2807 patri
647 2735 789 2790 mundum
805 2733 875 2788 deus
889 2733 949 2804 ipse
965 2731 1095 2800 mereris,

311 2819 366 2874 llas
382 2817 523 2886 animum,
540 2817 671 2887 viresque
682 2815 752 2871 lacis
767 2814 805 2870 ad
819 2817 903 2868 tanta
917 2813 1049 2868 canenda
1052 2853 1107 2870 .....

311 2900 370 2953 Hoc
385 2897 437 2951 sub
452 2912 521 2966 pace
535 2899 631 2964 voeai3
648 2899 762 2950 tantum
775 2893 858 2966 jurat
873 2911 880 2950 :
897 2893 939 2949 irc
954 2909 1007 2966 per
1020 2893 1112 2948 altum

312 2982 395 3045 tera,
411 2980 441 3031 et
456 2977 597 3032 immenso
613 2973 785 3046 spatiantem
797 2974 893 3030 rirero
910 2973 980 3029 eoelo
998 2975 1018 3030 ⁵.

168 3167 215 3226 lla
230 3184 343 3227 omnes
362 3173 514 3248 tanquam
536 3166 574 3229 de
597 3169 738 3246 Augusto
759 3167 844 3227 dicta
861 3169 1061 3245 acceperunt,
1077 3162 1177 3224 donec
1198 3160 1299 3247 Lachf

169 3281 268 3324 mann
283 3264 406 3327 Tiberio
422 3285 489 3328 rem
504 3284 631 3327 omnem
647 3264 770 3337 detulit,
783 3282 877 3342 quem
886 3262 992 3322 Treier
1007 3268 1132 3320 secutus
1146 3265 1202 3318 ast.
1215 3259 1294 3315 Nam

167 3363 253 3422 hunc
282 3363 437 3424 Gaesarem
465 3383 560 3444 quem
585 3366 679 3443 poeta
705 3359 857 3440 appellat,
884 3357 1043 3417 Tiberium
1066 3374 1132 3416 esse
1155 3354 1190 3415 hi
1217 3371 1293 3414 con-

167 3460 313 3540 tendunt,
337 3479 409 3522 cum
436 3480 544 3523 omnes
570 3458 728 3540 principes
752 3456 792 3518 ad
816 3454 1011 3517 Hadrianum
1038 3471 1138 3532 usque
1164 3449 1298 3515 Caesaris

167 3558 296 3620 nomine
310 3560 428 3620 fuerint
444 3558 611 3638 designati,
630 3562 701 3638 post
720 3554 915 3616 Hadrianum
934 3570 1008 3613 vero
1029 3551 1207 3633 principum
1231 3557 1296 3611 tan-

168 3656 334 3718 tummodo
350 3657 406 3717 tilii
421 3676 457 3719 ae
473 3657 604 3719 heredes
625 3675 632 3717 :
654 3675 755 3735 neque
776 3653 949 3734 quidquam
970 3649 1106 3730 obstare,
1124 3649 1200 3731 quin
1219 3648 1298 3710 deus

167 3759 199 3815 et
218 3754 360 3816 Tiberius
375 3755 508 3833 dicatur,
530 3759 682 3835 paterque
700 3753 728 3815 is
748 3753 800 3814 eui
812 3752 881 3831 jam
902 3768 1067 3812 concessus
1088 3749 1127 3810 sit
1146 3747 1297 3820 mundus,

201 3968 224 4014 t.
239 3965 339 4029 Freier,
351 3981 393 4031 op.
408 3966 436 4025 t,
452 3983 478 4031 p.
492 3969 532 4016 22.

198 4037 222 4084 2.
239 4037 340 4097 Manit,
355 4039 469 4097 Astron„
487 4038 507 4098 l,
525 4038 548 4087 't.

198 4107 222 4156 3.
240 4107 291 4168 ld.,
306 4107 379 4166 ibid,
395 4109 415 4170 l,
429 4110 484 4158 38l.

197 4179 223 4226 t.
239 4176 340 4239 Freier,
355 4193 396 4242 up.
412 4178 439 4237 l.,
455 4195 481 4243 p.
498 4181 536 4229 15.

199 4252 223 4299 5.
238 4249 341 4310 Manib,
356 4252 470 4308 Astron,
487 4250 508 4310 I,
523 4250 588 4312 t-tu,
604 4249 687 4299 aaut.
