3184 5125
651 467 809 530 -53-

151 601 416 664 'Christianorum
436 599 564 660 illorum
584 601 698 662 severis
718 600 932 680 dogmatibus
949 602 1003 682 qui
1015 603 1114 663 Deum
1130 613 1292 665 censerent

151 721 181 762 -a
205 699 363 782 principio
386 697 538 761 homines
554 717 591 759 ex
617 697 757 771 libidine,
774 698 863 759 nulla
886 699 1057 760 secundum
1083 700 1205 775 merita,
1226 701 1290 762 dis-

158 798 391 870 criminavisse,
417 796 476 857 hos
500 795 665 876 pauciores
690 797 863 876 sejunxisse
889 797 927 857 ad
953 797 1116 858 colendam
1144 798 1291 860 virtutem

156 896 410 974 felicitatemque
426 894 458 954 in
474 901 627 954 aeternum
641 895 821 967 fruendam,
833 901 969 954 ceteram
985 895 1217 956 multitudinem
1232 902 1291 958 ter·

161 994 258 1055 restri
272 993 420 1074 nequitia
441 992 604 1072 poenisque
620 991 807 1067 caelestibus,
821 992 902 1052 dura
915 992 1033 1054 scilicet
1046 1012 1148 1072 neque
1163 994 1292 1056 omnino

162 1098 299 1172 paterna
314 1091 393 1168 lege,
410 1089 625 1151 destinavisse.

204 1187 277 1249 Fuit
291 1188 433 1268 profecto
454 1205 505 1248 ars
523 1186 713 1264 astrologica
733 1187 841 1246 multis
859 1187 1044 1266 inpartibus
1063 1189 1196 1249 Zenonis
1215 1189 1292 1250 doc-

160 1287 257 1347 ·trinae
273 1285 524 1357 accommodata,
537 1285 569 1344 in
585 1284 644 1346 hoc
661 1290 765 1345 autern
780 1284 951 1357 contraria,
964 1285 1048 1363 quod
1063 1287 1129 1346 lato
1144 1286 1292 1346 virtutem

158 1385 262 1444 etiam
283 1383 481 1462 subjiciebat,
503 1383 641 1463 vitiaque
661 1388 692 1442 et
711 1383 898 1462 sapientiam
918 1382 1056 1443 siderum
1074 1381 1293 1462 largitionibus

164 1480 380 1562 permittebat.
395 1482 470 1540 Erat
484 1480 580 1559 igitur
598 1481 687 1541 stoici
707 1480 950 1560 discrepantiam
969 1485 1034 1540 tam
1048 1487 1191 1560 apertam
1206 1480 1244 1541 de
1260 1499 1293 1541 re

164 1585 232 1640 tam
250 1579 340 1657 gravi
359 1583 476 1639 attente
496 1577 706 1650 considerare,
724 1579 870 1658 viamque
889 1596 1032 1657 quaerere
1051 1597 1116 1657 qua
1134 1577 1294 1638 contraria

166 1677 249 1737 inter
271 1695 304 1736 se
329 1675 609 1737 reconciliarentur
630 1698 636 1735 z
657 1695 728 1756 quae
748 1682 870 1736 essetne
891 1675 1089 1754 invenienda,
1103 1695 1212 1749 necne,
1229 1694 1293 1736 non

167 1793 274 1835 meum
296 1779 342 1834 est
366 1773 583 1852 pronuntiare,
605 1774 657 1834 sed
679 1773 807 1834 Manilio
832 1779 914 1834 certe
936 1779 1004 1834 erat
1027 1773 1290 1852 investigandum.

168 1871 228 1934 Sed
242 1891 307 1933 non
326 1871 371 1932 ita
386 1871 458 1932 huic
473 1872 574 1931 visum
590 1878 637 1932 cst
652 1889 658 1932 :
677 1890 781 1932 rerum
799 1871 1040 1951 repugnantiam
1061 1877 1115 1931 aut
1130 1891 1192 1932 non
1207 1870 1294 1932 intel·

165 1970 244 2030 lexit
269 1976 324 2030 aut
343 1968 492 2046 neglexit,
514 1969 619 2049 sicque
644 1969 751 2029 omnia
772 1969 961 2048 composuit,
984 1974 1017 2028 ut
1040 1968 1168 2028 minime
1188 1969 1294 2030 stoicis

167 2067 298 2148 placuit.
314 2068 389 2128 Jure
406 2066 503 2144 igitur
521 2066 594 2127 hinc
610 2066 699 2126 illum
716 2065 895 2144 colligimus
909 2084 973 2125 non
989 2084 1060 2125 vere
1076 2065 1208 2126 stoicum
1223 2065 1293 2144 phi-

165 2164 337 2244 losophum
351 2165 455 2226 luisse.

210 2264 294 2334 Quos
312 2263 408 2340 igitur
427 2262 588 2342 sapientiae
611 2262 755 2324 doctores
777 2268 901 2322 secutus
923 2263 991 2322 est?
1009 2263 1079 2322 Non
1099 2259 1295 2320 academicos

166 2360 270 2438 magis
295 2366 348 2420 aut
370 2361 587 2441 Pythagoreos
611 2379 706 2440 quam
732 2361 876 2422 stoicos:
902 2359 1054 2438 epicureis
1077 2358 1208 2432 obstitit,
1230 2376 1295 2418 non

167 2458 243 2540 quia
271 2458 303 2518 in
331 2458 534 2538 philosophia
562 2458 723 2532 errabant,
745 2459 800 2519 sed
829 2457 903 2537 quia
933 2456 1138 2536 astrologiam
1168 2474 1295 2517 omnem

166 2555 424 2638 philosophando
447 2555 611 2619 tollebant.
630 2559 673 2618 Eo
696 2556 792 2635 igitur
813 2555 1002 2617 veniendum
1023 2561 1080 2631 est,
1100 2553 1295 2634 astrologum

168 2663 199 2717 et
220 2661 349 2736 poetam
369 2654 463 2737 luisse
482 2654 655 2729 Manilium,
675 2674 777 2736 neque
798 2654 1008 2734 philosophiae
1033 2652 1104 2733 plus
1127 2652 1293 2726 studuisse,

169 2772 265 2833 quam
281 2752 471 2831 astrologica
486 2759 517 2813 et
532 2754 656 2833 poetica
674 2772 725 2813 ars
745 2752 935 2832 requirebat.
952 2754 991 2811 Et
1010 2750 1108 2811 stoica
1122 2768 1196 2809 sane
1210 2748 1295 2810 locu·

167 2858 217 2911 tus
247 2856 305 2924 est,
334 2850 388 2910 sed
417 2850 486 2910 aliis
512 2851 673 2926 admixtis,
700 2871 772 2931 quae
802 2857 913 2911 contra
941 2848 1056 2910 stoicos
1086 2853 1187 2909 erant.
1216 2849 1296 2907 Nam

167 2968 281 3029 parurn
311 2948 453 3022 curabat,
484 2948 600 3010 Zenoni
631 2949 790 3028 placerent
821 2968 862 3009 an
890 2946 1025 3020 Platoni,
1057 2965 1097 3006 an
1125 2944 1295 3018 Aristoteli,

169 3066 239 3125 quae
259 3044 417 3106 scribebat
438 3065 444 3107 :
465 3047 602 3127 setisque
624 3048 758 3109 ducebat
779 3066 857 3120 esse,
880 3046 906 3105 si
927 3064 999 3106 cum
1020 3063 1053 3105 re
1074 3048 1295 3122 congruerent,

168 3162 340 3223 versusque
364 3150 525 3206 ornarent.
547 3146 591 3206 Ac
617 3144 723 3205 multae
748 3146 918 3204 multorum
941 3142 1203 3223 philosophorum
1228 3139 1297 3218 opi-

166 3241 280 3302 niones
304 3240 420 3320 passim
443 3242 477 3302 in
500 3242 567 3322 ejus
592 3242 730 3303 carmine
755 3241 969 3311 inveniuntur,
992 3238 1153 3316 quianon
1177 3235 1296 3296 eaedem

168 3357 296 3418 semper
318 3338 363 3398 rei
390 3338 555 3418 multiplici
579 3358 615 3401 ac
641 3338 737 3401 variae
763 3335 1006 3397 conveniebant.
1031 3335 1068 3393 ln
1094 3350 1296 3411 quascunque

169 3436 266 3513 igitur
285 3454 419 3515 quaeque
441 3449 515 3516 pars
534 3445 662 3516 poetam
686 3435 772 3497 velut
793 3453 868 3495 casu
887 3431 996 3511 aliquo
1015 3429 1168 3507 immittit,
1185 3428 1223 3489 iis
1243 3428 1297 3489 ille

168 3532 264 3606 lavet,
278 3552 379 3612 neque
395 3553 491 3613 quam
507 3554 589 3596 verae
605 3534 678 3608 sint,
691 3532 843 3613 exposcit,
857 3530 911 3592 sed
925 3535 1078 3609 quantum
1090 3546 1181 3589 versu
1196 3526 1300 3608 splen·

169 3628 296 3691 dc‘scere
312 3630 449 3692 valeant.
