3184 5125
645 529 686 540 -
705 495 744 558 45
766 527 806 542 ...

149 629 214 690 llla
232 647 379 708 quoqne:

300 841 392 906 Quam
410 841 498 897 mOdo
515 840 623 896 militiae
640 762 725 877 ¹jam
742 761 835 817 ventri
851 762 965 834 longius
979 763 1037 818 itur

193 1018 276 1092 Quid
292 1036 367 1079 vero
382 1017 431 1079 his
445 1017 569 1078 tritius?
584 1016 659 1098 quid
671 1017 828 1097 vulgatius
843 1025 873 1080 et
889 1019 990 1097 magis
1005 1020 1204 1100 expositum?
1214 1023 1285 1103 quis

150 1122 222 1178 tum
243 1116 437 1178 umbraticus
450 1115 701 1177 adolescentulus
717 1135 780 1177 non
794 1116 945 1178 adversus
959 1117 1116 1179 luxuriam
1132 1123 1163 1180 et
1175 1120 1283 1199 gulam

151 1214 322 1294 sagittatus
337 1213 509 1275 sententias
523 1213 699 1293 dirigebat?
714 1214 767 1274 His
784 1214 902 1294 itaque,
919 1233 990 1294 quae
1005 1214 1131 1290 adsunt,
1144 1236 1182 1278 ea
1193 1218 1283 1280 illus·

151 1318 291 1388 trantur,
309 1332 379 1392 quae
394 1311 520 1373 absunt.

193 1413 236 1471 At
250 1409 336 1488 quod
351 1409 402 1469 hic
417 1409 515 1470 tacuit
532 1407 674 1470 debonis
689 1407 854 1487 malisque,
872 1408 993 1488 inquiet
1001 1408 1125 1490 aliquis,
1137 1410 1168 1472 id
1179 1411 1283 1492 ipsum

152 1508 290 1570 stoicum
302 1507 463 1568 hominem
480 1506 655 1568 denuntiat.
669 1506 765 1569 Stoici
780 1512 893 1568 contra
904 1526 969 1568 non
983 1507 1103 1583 fuisset,
1116 1510 1208 1571 astris
1219 1511 1283 1572 vir·

152 1612 239 1668 tutes
253 1605 418 1666 homiuum
432 1604 590 1685 imputare
601 1611 657 1665 aut
667 1604 754 1679 vitia,
767 1603 955 1684 sapientiam
971 1611 1002 1666 et
1013 1606 1256 1669 inconstantiam
1272 1629 1279 1671 :
1362 1613 1366 1620 '

152 1723 219 1766 nou
241 1703 337 1774 enim,
353 1710 387 1762 ut
408 1700 590 1782 philosophi
610 1701 657 1763 illi
676 1721 812 1777 sensere,
829 1703 983 1766 Saturnus
997 1709 1053 1764 aut
1072 1705 1207 1784 Jupiter,
1224 1726 1282 1769 nec

156 1803 250 1881 Virgo
261 1795 362 1879 magis
372 1806 428 1861 aut
437 1799 525 1861 Aries
533 1799 653 1861 honum
664 1800 767 1861 virum
779 1801 918 1878 lingunt:
931 1800 997 1881 ipse
1008 1821 1041 1862 se
1051 1799 1154 1881 lingit,
1164 1803 1281 1866 bonus·

153 1919 216 1980 que
229 1899 276 1974 fit,
289 1899 364 1959 dum
380 1898 446 1959 vult
464 1917 541 1975 esse,
555 1891 591 1959 ac
606 1896 717 1959 similis
731 1899 807 1972 Deo,
822 1897 898 1958 dum
912 1899 977 1960 Deo
992 1900 1157 1961 consentit.
1176 1904 1282 1982 Neque

153 1999 257 2058 aDeo
277 1996 395 2056 donum
412 2001 467 2056 aut
486 1995 640 2056 sideribus
661 1996 823 2073 virtutem,
839 1997 895 2057 sed
914 1994 1039 2055 anobis
1058 1995 1224 2075 habemus,
1242 2001 1281 2060 ah

154 2095 264 2156 animo
283 2093 405 2154 virtutis
426 2099 595 2173 appetente
612 2093 633 2153 ².
653 2116 667 2148 «
685 2092 765 2164 Ouid
787 2092 868 2154 votis
892 2105 971 2172 opus
997 2093 1074 2152 est?
1091 2094 1139 2154 lac
1166 2100 1195 2155 te
1216 2095 1281 2174 ipse

154 2192 279 2252 felicem
298 2208 305 2251 :
321 2191 415 2252 iacies
432 2198 537 2251 autom
558 2191 584 2250 si
603 2189 793 2250 intellexeris
810 2188 894 2250 hona
912 2207 991 2267 esse,
1008 2189 1122 2268 quibus
1142 2190 1282 2253 admixta

154 2289 256 2350 virtus
272 2294 326 2364 est,
343 2288 458 2368 turpia,
475 2288 589 2367 quibus
608 2286 730 2347 malitia
745 2286 916 2365 conjuncta
929 2293 976 2348 est
980 2334 1038 2350 .....
1057 2287 1137 2359 Quid
1157 2291 1282 2351 cessas?

153 2406 218 2448 non
239 2392 286 2447 est
305 2385 362 2447 viri
377 2386 487 2446 timere
506 2385 652 2446 sudorem
659 2429 730 2446 ......
740 2384 888 2458 Accedat,
905 2390 939 2444 ut
958 2385 1098 2464 perlecta
1112 2387 1210 2447 virtus
1226 2388 1287 2462 sit,

153 2483 319 2565 aequalitas
348 2501 383 2544 ac
401 2489 492 2544 tenor
511 2483 582 2544 vitae
610 2501 665 2563 per
685 2482 792 2543 omnia
811 2475 989 2544 consonans
1008 2482 1068 2543 sihi
1072 2531 1131 2546 .....
1149 2486 1213 2546 Hoc
1232 2493 1280 2548 est

153 2602 313 2645 summum
329 2582 448 2644 bouum
465 2598 472 2642 ε
493 2581 576 2660 quod
592 2581 617 2641 si
632 2600 777 2661 occupaS,
799 2580 910 2658 incipis
927 2582 1062 2644 Deorum
1078 2584 1180 2644 socius
1199 2603 1277 2659 esse,

154 2702 216 2743 uon
243 2681 377 2761 supplex
381 2725 442 2743 .....
466 2679 615 2741 Subsilire
638 2678 670 2737 in
695 2678 806 2739 eaelum
837 2696 875 2738 ex
897 2679 1014 2756 angulo
1038 2677 1125 2754 licet3
1147 2699 1280 2759 exsurge
1345 2736 1352 2745 ,

153 2780 249 2841 modo
266 2797 274 2841 :

509 2911 576 2967 ...Et
591 2912 617 2964 te
632 2925 747 2981 quoque
761 2908 882 2980 dignum

296 2990 383 3063 Finge
395 2991 453 3045 Deo
469 2990 489 3045 ³.
506 3010 521 3039 »

150 3160 198 3220 Ita
218 3160 338 3220 Seneca
357 3157 509 3219 Lucilium
537 3158 778 3219 adhortabatur.
796 3157 876 3229 Quid
893 3156 990 3234 igitur
1007 3159 1134 3232 mirum,
1149 3160 1175 3218 si
1198 3178 1278 3238 prae·

152 3256 286 3317 termisit
303 3255 459 3329 Manilius,
477 3274 547 3336 quae
575 3261 660 3316 astra
685 3253 785 3315 bonos
805 3272 842 3313 ac
869 3255 970 3313 malos
995 3254 1167 3314 efficerent.
1184 3253 1279 3313 Nulla

152 3373 238 3433 sane,
255 3353 309 3415 sed
324 3372 356 3413 se
371 3352 454 3434 ipsos
470 3353 619 3414 ellioiunt.

192 3454 286 3512 Recte
302 3446 428 3529 quidem
446 3472 452 3509 ε
470 3468 574 3530 operae
590 3455 696 3509 tamen
716 3447 853 3527 pretium
869 3452 948 3519 erat,
967 3464 1039 3506 cum
1054 3446 1119 3507 lato
1140 3447 1276 3527 pendere

152 3548 260 3609 omnia
286 3548 483 3627 praedicaret,
507 3547 672 3608 ostendere
708 3543 977 3625 quemadmodum
1006 3543 1089 3605 hona
1120 3563 1157 3606 ac
1192 3545 1277 3607 mala

152 3646 260 3720 animi,
278 3664 348 3725 quae
371 3645 438 3705 sola
456 3645 540 3705 hona
560 3662 596 3705 ac
613 3642 699 3703 mala
714 3648 798 3719 sunt,
814 3642 880 3701 lato
900 3642 1122 3719 eximerentur,
1138 3642 1275 3705 homini-

152 3762 211 3823 que
224 3742 322 3803 lihere
337 3740 504 3822 deligenda
517 3742 785 3822 permitterentur.
803 3742 922 3819 Nempe
936 3757 974 3800 ea
989 3741 1061 3801 vitae
1076 3742 1273 3820 compositio,

152 3840 266 3902 rationi
288 3841 486 3914 couveniens,
513 3845 544 3901 et
567 3856 738 3919 perquam
762 3855 922 3918 summum
947 3843 1118 3915 occupetur
1142 3837 1272 3911 bonum,

151 3956 201 3999 ars
215 3935 271 3997 illa
281 3936 467 3999 difficillima
475 3938 582 3999 liberae
598 3935 772 4016 sapientiae,
789 3934 928 3995 delectus
939 3933 1074 4014 denique
1088 3933 1140 3996 ille
1154 3932 1276 3995 officio-

151 4054 219 4096 rum
234 4035 440 4114 necessarius,
452 4054 528 4109 non,
541 4034 646 4111 credo,
657 4039 723 4093 tam
738 4030 829 4111 parvi
842 4030 1006 4104 momenti,
1018 4031 1188 4092 stoicorum
1204 4032 1276 4109 qui-

180 4213 202 4261 l.
218 4214 334 4274 Astron„
350 4216 381 4276 V,
398 4217 452 4265 374.

178 4285 202 4332 2.
218 4286 376 4347 Ravaisson‚
391 4301 432 4351 op.
449 4285 533 4347 laud„
549 4302 574 4352 p.
590 4288 631 4350 t‘l,
646 4290 673 4337 et
688 4287 726 4351 80,
744 4289 783 4338 8t.

180 4354 202 4403 3.
220 4356 326 4417 Scnco,
342 4356 402 4422 Ep,
416 4359 455 4408 31.
