3184 5125
786 446 947 509 ..38-

341 586 456 648 Veram
480 590 586 645 autem
614 581 785 644 stoicorum
812 581 990 642 doctrinam
1014 580 1133 657 Seneca
1153 577 1232 639 alias
1258 580 1424 659 expressit,

299 700 375 743 cum
392 682 499 744 omnia
514 681 633 743 homiui
647 686 748 741 morte
763 679 928 740 terminari
944 677 1082 757 scripsit.

479 826 546 879 Post
557 826 682 878 mortem
694 819 765 876 nihil
779 824 832 888 est,
845 819 964 891 ipsaque
978 834 1058 874 mors
1072 816 1203 874 nihil.....

482 903 591 968 Quaeris
607 919 664 974 quo
676 902 772 973 jaceas
786 904 852 973 post
864 900 977 956 obitum
992 897 1078 954 loco‘l

482 984 543 1048 Quo
558 986 699 1037 nonnata
710 981 809 1053 jacent
823 982 844 1034 ¹.

343 1116 423 1189 Quid
448 1116 530 1177 enim
555 1115 793 1177 immortalitem
817 1119 975 1187 curarent,
1000 1111 1054 1193 qui
1077 1111 1153 1172 satis
1176 1130 1242 1172 esse
1269 1110 1429 1172 existima-

304 1219 417 1275 verunt
434 1234 497 1275 uno
515 1214 666 1294 temporis
688 1214 738 1275 vel
751 1212 925 1274 brevissino
945 1217 1064 1292 puncto
1083 1210 1272 1290 sapientiam
1293 1208 1379 1269 intra
1397 1227 1429 1269 se

303 1312 389 1392 ipsos
404 1314 681 1385 consummavisse,
692 1318 727 1373 ut
739 1313 802 1373 Deo
814 1316 934 1372 aetcruo
950 1307 1344 1390 aequarcnturiQuomodo
1355 1324 1427 1367 vero

304 1409 544 1473 immortalitate
565 1429 597 1472 se
621 1410 787 1487 donarent,
806 1428 878 1470 cum
900 1426 1002 1488 neque
1025 1406 1191 1467 materiam
1213 1406 1280 1466 siue
1304 1404 1427 1485 spiritu,

304 1500 406 1585 neque
422 1507 566 1586 spiritum
586 1507 799 1585 intelligerent
813 1525 880 1567 esse
895 1506 961 1565 sine
977 1504 1128 1565 materia?
1147 1503 1223 1583 quid
1240 1503 1295 1563 fret
1309 1503 1428 1574 animo,

236 1673 238 1677 .
285 1664 288 1671 „
304 1622 378 1664 eum
394 1622 508 1684 corpus
522 1603 686 1666 elementis
701 1604 860 1682 reddetur,
873 1604 1081 1681 universoque
1098 1603 1183 1663 orbis
1195 1601 1332 1680 corpori,
1346 1600 1429 1661 uude

304 1700 483 1779 sejunctum
503 1707 559 1775 est,
579 1702 693 1762 iterum
713 1701 916 1762 miscebitur?
930 1720 1055 1762 necesse
1074 1706 1122 1761 cst
1140 1701 1281 1761 animum
1304 1717 1430 1779 quoquc

306 1798 339 1858 in
352 1799 532 1861 universam
547 1799 657 1860 mundi
672 1800 823 1873 animam,
837 1800 919 1859 unde
935 1799 1109 1881 efflaverat,
1123 1798 1293 1871 resorberi;
1305 1816 1431 1858 necesse

305 1902 354 1957 est
370 1897 533 1957 aetheriam
553 1898 691 1959 hominis
706 1903 829 1977 partem
845 1896 984 1957 aetheriae
1003 1903 1125 1957 naturae
1138 1896 1232 1975 parti,
1249 1902 1285 1955 ut
1299 1900 1433 1955 terrenae

306 1999 476 2071 terrenam,
493 1996 650 2075 immergi.
667 1998 773 2075 Neque
793 1995 880 2056 aliud
898 1995 930 2055 in
951 1996 1057 2055 animo
1076 1993 1247 2067 habebant,
1265 1991 1319 2073 qui
1339 1991 1433 2072 primi

302 2092 357 2173 jus
383 2101 482 2154 semet
510 2094 673 2155 occidendi
701 2100 929 2171 arrogaverunt
957 2093 1107 2174 sapienti,
1130 2091 1290 2171 vitamque
1316 2108 1431 2151 exuere

307 2189 402 2252 licere
420 2192 680 2271 praedicaverunt.
699 2195 767 2253 Non
782 2192 865 2251 enim
886 2190 1099 2252 immortalem
1115 2190 1199 2269 apud
1214 2191 1315 2249 Deum
1335 2188 1433 2249 vitam

307 2290 529 2368 proponebant
548 2296 761 2369 aeternamqne
780 2288 907 2350 incaelo
923 2289 1084 2369 sapientiae
1100 2286 1409 2349 consummationem
1426 2301 1432 2347 τ

308 2385 362 2445 sed
386 2404 457 2445 eum
482 2386 578 2446 tinem
602 2388 760 2462 omnium,
786 2395 818 2448 ct
841 2394 877 2447 ut
900 2392 1089 2460 ceterorum,
1115 2386 1161 2446 ita
1181 2384 1344 2464 sapientiae
1368 2402 1434 2444 csse

309 2489 445 2543 mortem
459 2483 645 2559 faterentur,
662 2486 709 2545 fas
728 2502 795 2545 esse
815 2484 1011 2559 obtinebant,
1028 2483 1196 2565 siquando
1214 2482 1350 2560 sapienti
1369 2482 1434 2541 fata

308 2579 481 2661 obstarent,
499 2583 685 2662 sapientiam
701 2583 814 2662 ipsam,
831 2601 870 2644 ne
885 2584 1011 2663 sapiens
1025 2602 1091 2643 esse
1106 2582 1273 2654 desineret,
1285 2599 1357 2641 cum
1371 2581 1435 2641 vita

311 2679 469 2760 abdicare,
493 2700 715 2760 summumque
737 2681 868 2741 rationis
891 2682 976 2742 hunc
1000 2687 1149 2741 conatum
1173 2698 1250 2755 esse,
1267 2697 1333 2740 non
1357 2676 1437 2738 velle

309 2785 422 2839 contra
436 2782 502 2839 lata
516 2781 579 2840 frui
593 2780 725 2841 ratione.

352 2873 431 2935 Cum
443 2895 516 2936 vero
531 2877 591 2937 ista
606 2878 761 2938 sententia
775 2879 917 2937 innatam
928 2876 1110 2937 homiuibus
1119 2875 1298 2957 cupidinem
1314 2873 1438 2934 diutur-

312 2971 419 3032 nitatis
444 2973 582 3051 graviter
598 2974 782 3048 offenderet,
800 2975 891 3035 multi
906 2974 1076 3035 stoicorum
1098 2974 1189 3035 bonis
1208 2973 1283 3033 viris
1301 2970 1437 3033 alterum

312 3069 468 3151 posthoc
493 3090 595 3131 aevum
624 3071 840 3146 ostenderunt,
860 3079 1059 3152 mortemque
1079 3073 1147 3151 jam
1165 3091 1229 3132 nou
1253 3071 1360 3141 linem,
1385 3068 1438 3129 sed

311 3167 438 3229 initium
453 3168 525 3230 vitae
538 3188 604 3231 esse
620 3171 876 3250 pronuntiavere.
893 3169 986 3232 Velut
1002 3171 1068 3251 ipse
1084 3172 1213 3246 Seneca,
1230 3169 1285 3248 qui
1303 3169 1435 3228 stoicam

311 3265 346 3328 in
359 3268 524 3330 scribendo
538 3270 748 3330 constantiam
761 3288 875 3350 parum
890 3269 1040 3342 exercuit,
1052 3267 1273 3348 pulcherrimis
1288 3265 1320 3325 id
1334 3265 1438 3326 verbis

288 3387 291 3394 ·
313 3363 498 3428 declaravit.
516 3391 532 3423 rr
548 3367 726 3446 Aliquando
742 3373 864 3428 naturae
885 3367 942 3428 tibi
956 3386 1074 3428 arcana
1085 3371 1277 3445 retegantur,
1292 3363 1438 3425 discutie-

314 3467 368 3523 tur
382 3463 442 3524 ista
460 3462 575 3543 caligo,
586 3471 617 3525 et
636 3464 691 3525 lux
704 3465 842 3544 undique
856 3464 942 3526 clara
958 3465 1121 3545 percutiet.
1138 3463 1316 3542 Imaginare
1333 3468 1437 3522 tecum

313 3566 453 3639 quantus
467 3560 519 3620 illc
535 3563 575 3622 sit
588 3562 704 3640 fulgor,
723 3568 769 3622 tot
783 3562 937 3622 sideribus
954 3562 1081 3623 interae
1096 3563 1204 3623 lumen
1222 3559 1436 3621 miscentibus.

315 3656 408 3718 Nulla
422 3675 566 3719 serenum
584 3660 698 3721 umbra
717 3659 873 3734 turbabit;
890 3659 1056 3740 aequaliter
1071 3659 1248 3740 splendebit
1262 3676 1356 3720 omne
1372 3654 1440 3718 caeli

315 3753 416 3830 latus;
428 3755 495 3816 dies
510 3763 541 3816 et
555 3775 618 3817 nox
632 3757 712 3818 aeris
725 3757 827 3817 infimi
839 3758 921 3818 vices
934 3765 1018 3820 sunt.
1035 3760 1115 3818 Tum
1127 3758 1161 3817 in
1176 3756 1312 3818 tenebris
1329 3755 1441 3815 vixisse

262 3921 265 3927 ,
315 3860 347 3914 te
371 3853 466 3932 dices,
489 3873 561 3915 cum
585 3859 683 3915 totam
708 3855 811 3917 lucem
834 3861 918 3917 totus
942 3856 1133 3934 adspexeris,
1158 3875 1254 3936 quam
1276 3872 1361 3914 nuuc
1385 3869 1440 3932 per

234 4027 237 4034 ,
314 3952 554 4031 angustissimas
575 3953 740 4014 oculorum
762 3954 828 4014 vias
844 3953 975 4015 obscure
997 3953 1140 4027 intueris,
1162 3959 1192 4014 et
1205 3959 1320 4014 ,tamen
1339 3949 1439 4012 admi-

316 4049 396 4110 raris
410 4049 497 4110 illam
506 4052 575 4130 jam
591 4051 700 4131 procul
715 4051 737 4112 ².
755 4075 770 4108 n
787 4051 905 4114 Eadem
921 4052 1007 4133 apud
1021 4054 1184 4113 Lucanum
1196 4050 1374 4112 invenimus
1394 4069 1401 4108 ε

348 4235 372 4285 l.
385 4233 462 4294 leid,
480 4249 507 4301 p.
523 4238 562 4286 60.
579 4264 610 4274 -
622 4236 660 4287 Gt.
674 4235 778 4300 Senec,
793 4237 854 4302 Ep„
867 4239 906 4290 bl.

347 4307 372 4356 2.
386 4305 491 4370 Senec,
507 4306 566 4372 Ep,
584 4310 637 4359 102.
