3184 5125
762 459 801 472 ..
823 424 862 488 88
882 459 922 472 ..

276 564 339 626 Nec
352 560 614 644 praetermittendi
626 553 738 640 tragici
750 565 866 640 poetae,
880 539 1015 640 quorum
1026 560 1085 621 erit

471 754 638 810 quanquam
651 738 682 794 in
696 737 813 808 chartis,
826 737 908 793 stilus
922 736 982 809 ipse
998 739 1134 793 cruentus
1150 737 1160 774 ¹
1175 753 1183 794 τ

278 936 359 1000 quos
373 917 502 992 scilieet,
518 917 638 978 tristem
653 915 808 998 OEdipum
823 915 1018 992 inducentes,

809 1075 948 1131 Thebana
957 1073 1069 1146 juvabit

421 1155 521 1213 Dicere
536 1157 607 1212 belle
616 1158 699 1226 uteri,
715 1158 886 1226 inlatumque
900 1156 931 1209 in
945 1155 1034 1224 fratre
1044 1158 1189 1224 parentem
1203 1170 1214 1208 .·

422 1237 557 1304 Quaerent
571 1236 686 1292 lledaeae
698 1241 783 1292 natos
797 1235 973 1306 fratremque
988 1238 1174 1305 patremque,

421 1318 492 1374 Hinc
506 1319 609 1386 vestes,
622 1315 701 1370 illine
714 1318 838 1386 flammas
852 1330 905 1386 pro
918 1329 1039 1370 munere
1053 1319 1172 1369 mistas:

421 1397 595 1470 Arriamque
614 1395 715 1468 fugam
730 1401 864 1466 notosque
877 1411 912 1450 ec
926 1393 1172 1464 tenebrascerent

280 1578 356 1650 Qum
382 1574 491 1636 omnia
513 1579 586 1659 sunt
616 1573 757 1654 profecto
785 1572 990 1652 admiranda,
1012 1577 1102 1634 tanto
1128 1571 1161 1633 in
1187 1591 1308 1636 vanum
1329 1593 1408 1638 eou-

280 1677 406 1751 sumpto
417 1677 448 1732 et
457 1671 584 1750 ingenio
595 1671 837 1750 etlaborc,quid
846 1672 878 1732 in
888 1670 1168 1733 vanum‘lmultum
1179 1671 1286 1734 abest:
1296 1679 1410 1736 contra

280 1770 417 1852 pessimo
441 1786 512 1830 eum
532 1769 636 1828 fructu
657 1769 865 1844 eonsumitur,
881 1775 916 1829 ut
936 1775 966 1830 et
990 1769 1170 1830 involvatur
1189 1789 1239 1830 res
1259 1771 1406 1852 implica-

280 1862 409 1928 tissimis
431 1865 535 1927 verbis
564 1871 594 1926 et
619 1883 715 1944 quam
740 1864 835 1942 longe
860 1866 976 1946 petitia,
1000 1872 1032 1927 et
1055 1867 1210 1928 sententia
1233 1867 1407 1946 legentium

280 1963 519 2026 meditationem
530 1963 582 2024 vel
594 1969 742 2042 torqueat
753 1960 804 2024 vel
820 1963 936 2025 eludat.
947 1965 1010 2024 Nec
1026 1963 1134 2025 brevia
1146 1965 1226 2039 haee,
1238 1965 1411 2048 plenaeque

282 2061 419 2124 orationi
432 2061 607 2122 interfusa:
624 2061 716 2122 facile
732 2061 891 2138 Maniliae,
905 2067 1057 2141 tanquam
1074 2081 1209 2141 pronam
1225 2071 1410 2144 sequeretur

281 2159 401 2240 ingenii
415 2163 573 2233 naturam,
591 2158 722 2239 hujusce
742 2158 830 2220 modi
851 2158 1023 2237 aenigmata
1041 2159 1148 2233 nectit,
1165 2180 1284 2241 perque
1303 2163 1411 2242 plures

280 2276 390 2320 versus
407 2257 546 2318 extendit
562 2275 569 2317 :
587 2256 673 2318 velut
687 2275 760 2317 cum
775 2262 898 2336 patrem
913 2256 1003 2317 illum
1018 2264 1257 2333 commemorat,

545 2427 595 2498 qui
608 2429 772 2498 serpentem
794 2444 881 2500 super
894 2443 944 2483 ora
957 2427 1124 2496 cubantem,

423 2506 535 2571 Infelix,
551 2507 614 2563 nati
632 2523 810 2580 somnumque
823 2510 997 2579 comamque
1010 2509 1155 2575 bibentem,

425 2587 567 2645 Sustinuit
581 2588 668 2643 misso
684 2592 781 2659 petere
802 2604 835 2643 ac
850 2592 1033 2660 prosternere
1049 2590 1118 2644 telo.

422 2669 478 2725 Ars
493 2673 554 2724 erat
568 2684 624 2723 esse
638 2675 765 2739 putrcm;
777 2670 844 2724 uicit
860 2673 964 2723 natura
974 2670 1119 2739 periclum,

423 2750 457 2803 Et
471 2748 580 2819 pariter
590 2748 727 2818 juvenem
742 2764 887 2819 somnoque
901 2765 933 2803 ac
944 2754 1032 2804 morte
1047 2747 1160 2818 levavit,

423 2829 501 2882 Tunc
514 2830 615 2882 iterum
627 2833 724 2882 notum
739 2832 767 2883 et
782 2828 843 2883 fato
854 2844 907 2899 per
920 2828 1034 2883 somnia
1042 2832 1159 2900 raptum
1174 2829 1198 2885 ³.

282 3000 345 3062 Nec
360 2998 489 3063 modum
504 3000 605 3060 ullum
620 3000 679 3061 sibi
693 3001 798 3080 posuit
812 3002 858 3063 ita
872 3002 1029 3065 scribendi
1043 3024 1050 3066 :
1068 3003 1250 3065 incredibile
1263 3022 1339 3066 vero
1353 3011 1412 3081 est,

283 3115 380 3180 quam
410 3097 544 3159 obscura
572 3099 711 3179 potuerit
735 3099 855 3176 rimari,
877 3101 953 3162 dum
977 3100 1139 3181 ingenium
1164 3120 1201 3163 ac
1223 3101 1412 3165 brevitatem

285 3202 469 3259 assectatur.
486 3197 581 3277 Cujus
595 3196 641 3257 rei
654 3197 836 3260 testimonio
852 3198 921 3273 erit,
936 3206 1054 3279 praeter
1065 3218 1103 3261 ea
1120 3219 1191 3280 quae
1203 3199 1271 3277 jam
1283 3199 1412 3263 laudavi

284 3294 403 3373 omnia,
419 3294 531 3357 unicus
543 3290 593 3357 liic
609 3296 648 3357 de
661 3297 738 3358 Jove
750 3296 885 3357 lunonis
899 3297 1016 3357 sororis
1030 3296 1165 3377 conjuge
1180 3316 1288 3359 versus
1304 3319 1313 3360 z

426 3471 461 3525 Et
476 3470 528 3525 sub
544 3470 633 3527 fratre
649 3471 701 3527 viri
713 3488 831 3538 nomen,
845 3472 907 3529 sine
922 3474 1011 3530 tratre
1025 3474 1152 3546 parentis
1166 3476 1190 3534 t.

284 3643 481 3725 Elegantiam
495 3655 602 3709 autem
615 3649 705 3711 illam
718 3668 813 3730 quam
830 3651 968 3731 allectat,
984 3672 1068 3732 saepe
1084 3652 1231 3728 transilit,
1243 3670 1302 3714 nee
1316 3650 1415 3713 modo

285 3742 396 3824 putido
426 3745 516 3824 quasi
541 3747 614 3808 fuco
641 3748 798 3809 sincerum
826 3749 915 3810 illum
948 3769 1053 3811 rerum
1085 3749 1286 3831 splendorem
1314 3766 1415 3830 usqne

285 3840 326 3903 ad
345 3842 523 3905 molestiam
544 3844 649 3921 illinit,
667 3848 721 3908 sed
741 3846 817 3909 dum
842 3847 984 3926 vigorem
1010 3848 1181 3910 verborum
1196 3848 1329 3928 argutiae
1346 3846 1416 3909 vult

318 4072 340 4117 l.
355 4069 437 4133 Mam,
449 4072 564 4132 Astron„
580 4076 611 4136 V,
627 4076 681 4128 let.

316 4139 340 4187 2.
354 4139 407 4203 ld.,
420 4142 492 4201 ibid,
508 4145 539 4205 V,
555 4147 609 4193 ibt.

317 4211 341 4261 3.
357 4210 406 4273 ld.,
424 4211 497 4270 ibid,
511 4215 542 4274 V,
555 4216 611 4265 306.

318 4282 341 4331 l.
358 4281 407 4345 ld.,
420 4280 492 4342 ibid,
507 4282 594 4345 Ι],16.
