<?xml version="1.0" encoding="UTF-8"?>
<!DOCTYPE html PUBLIC "-//W3C//DTD XHTML 1.0 Transitional//EN"
    "http://www.w3.org/TR/xhtml1/DTD/xhtml1-transitional.dtd">
<html xmlns="http://www.w3.org/1999/xhtml" xml:lang="en" lang="en">
 <head>
  <title>
</title>
<meta http-equiv="Content-Type" content="text/html;charset=utf-8" />
  <meta name='ocr-system' content='tesseract 3.04.00' />
  <meta name='ocr-capabilities' content='ocr_page ocr_carea ocr_par ocr_line ocrx_word'/>
</head>
<body>
  <div class='ocr_page' id='page_1' title='image "./demaniliopoetae01lansgoog_0091.png"; bbox 0 0 3184 5125; ppageno 0'>
   <div class='ocr_carea' id='block_1_1' title="bbox 641 485 801 548">
    <p class='ocr_par' dir='ltr' id='par_1_1' title="bbox 641 485 801 548">
     <span class='ocr_line' id='line_1_1' title="bbox 641 485 801 548; baseline 0.006 -18"><span class='ocrx_word' id='word_1_1' title='bbox 641 485 801 548; x_wconf 67' lang='grc'><strong>,67-</strong></span> 
     </span>
    </p>
   </div>
   <div class='ocr_carea' id='block_1_2' title="bbox 293 617 1069 1408">
    <p class='ocr_par' dir='ltr' id='par_1_2' title="bbox 295 617 1034 770">
     <span class='ocr_line' id='line_1_2' title="bbox 295 617 1034 693; baseline 0.008 -23"><span class='ocrx_word' id='word_1_2' title='bbox 295 617 453 684; x_wconf 79' lang='lat' dir='ltr'><strong>Musarum,</strong></span> <span class='ocrx_word' id='word_1_3' title='bbox 470 633 527 688; x_wconf 92' lang='lat' dir='ltr'><strong>quo</strong></span> <span class='ocrx_word' id='word_1_4' title='bbox 545 635 621 673; x_wconf 89' lang='lat' dir='ltr'><strong>nunc</strong></span> <span class='ocrx_word' id='word_1_5' title='bbox 633 617 795 688; x_wconf 84' lang='lat' dir='ltr'><strong>instinctus,</strong></span> <span class='ocrx_word' id='word_1_6' title='bbox 812 624 910 675; x_wconf 91' lang='lat' dir='ltr'><strong>mente</strong></span> <span class='ocrx_word' id='word_1_7' title='bbox 925 619 1034 693; x_wconf 76' lang='lat' dir='ltr'>vigenti</span> 
     </span>
     <span class='ocr_line' id='line_1_3' title="bbox 295 696 949 770; baseline 0.006 -20"><span class='ocrx_word' id='word_1_8' title='bbox 295 696 367 750; x_wconf 82' lang='lat' dir='ltr'><strong>Avia</strong></span> <span class='ocrx_word' id='word_1_9' title='bbox 380 696 522 751; x_wconf 85' lang='lat' dir='ltr'>Pieridum</span> <span class='ocrx_word' id='word_1_10' title='bbox 538 714 660 770; x_wconf 76' lang='lat' dir='ltr'>peragro</span> <span class='ocrx_word' id='word_1_11' title='bbox 675 699 748 768; x_wconf 86' lang='lat' dir='ltr'><strong>loca,</strong></span> <span class='ocrx_word' id='word_1_12' title='bbox 763 699 867 754; x_wconf 93' lang='lat' dir='ltr'><strong>nullius</strong></span> <span class='ocrx_word' id='word_1_13' title='bbox 881 704 949 754; x_wconf 86' lang='lat' dir='ltr'><strong>ante</strong></span> 
     </span>
    </p>

    <p class='ocr_par' dir='ltr' id='par_1_3' title="bbox 293 775 1069 1408">
     <span class='ocr_line' id='line_1_4' title="bbox 293 775 979 850; baseline 0.006 -20"><span class='ocrx_word' id='word_1_14' title='bbox 293 775 374 830; x_wconf 78' lang='lat' dir='ltr'><strong>Trite</strong></span> <span class='ocrx_word' id='word_1_15' title='bbox 388 777 448 831; x_wconf 91' lang='lat' dir='ltr'><strong>solo</strong></span> <span class='ocrx_word' id='word_1_16' title='bbox 463 793 470 831; x_wconf 78' lang='lat' dir='ltr'>z</span> <span class='ocrx_word' id='word_1_17' title='bbox 486 777 567 846; x_wconf 82' lang='lat' dir='ltr'><strong>juvat</strong></span> <span class='ocrx_word' id='word_1_18' title='bbox 581 777 710 850; x_wconf 87' lang='lat' dir='ltr'><strong>integros</strong></span> <span class='ocrx_word' id='word_1_19' title='bbox 723 778 860 834; x_wconf 73' lang='lat' dir='ltr'><strong>accedere</strong></span> <span class='ocrx_word' id='word_1_20' title='bbox 876 779 979 847; x_wconf 85' lang='lat' dir='ltr'><strong>fontes,</strong></span> 
     </span>
     <span class='ocr_line' id='line_1_5' title="bbox 296 856 1069 932; baseline 0.008 -22"><span class='ocrx_word' id='word_1_21' title='bbox 296 859 389 928; x_wconf 82' lang='lat' dir='ltr'><strong>Atque</strong></span> <span class='ocrx_word' id='word_1_22' title='bbox 403 856 529 926; x_wconf 84' lang='lat' dir='ltr'><strong>haurire,</strong></span> <span class='ocrx_word' id='word_1_23' title='bbox 545 858 682 930; x_wconf 86' lang='lat' dir='ltr'><strong>juvatque</strong></span> <span class='ocrx_word' id='word_1_24' title='bbox 698 875 787 915; x_wconf 84' lang='lat' dir='ltr'><strong>nevos</strong></span> <span class='ocrx_word' id='word_1_25' title='bbox 804 860 958 932; x_wconf 83' lang='lat' dir='ltr'><strong>decerpere</strong></span> <span class='ocrx_word' id='word_1_26' title='bbox 971 859 1069 930; x_wconf 86' lang='lat' dir='ltr'><strong>flores,</strong></span> 
     </span>
     <span class='ocr_line' id='line_1_6' title="bbox 295 935 1039 1010; baseline 0.011 -22"><span class='ocrx_word' id='word_1_27' title='bbox 295 935 498 1008; x_wconf 87' lang='lat' dir='ltr'><strong>Insignemque</strong></span> <span class='ocrx_word' id='word_1_28' title='bbox 514 953 581 994; x_wconf 92' lang='lat' dir='ltr'><strong>meo</strong></span> <span class='ocrx_word' id='word_1_29' title='bbox 598 938 685 1010; x_wconf 84' lang='lat' dir='ltr'><strong>capiti</strong></span> <span class='ocrx_word' id='word_1_30' title='bbox 698 942 795 1010; x_wconf 87' lang='lat' dir='ltr'><strong>petere</strong></span> <span class='ocrx_word' id='word_1_31' title='bbox 809 939 877 995; x_wconf 92' lang='lat' dir='ltr'><strong>inde</strong></span> <span class='ocrx_word' id='word_1_32' title='bbox 893 955 1039 1010; x_wconf 90' lang='lat' dir='ltr'><strong>coronam,</strong></span> 
     </span>
     <span class='ocr_line' id='line_1_7' title="bbox 296 1015 962 1090; baseline 0.012 -22"><span class='ocrx_word' id='word_1_33' title='bbox 296 1015 375 1070; x_wconf 86' lang='lat' dir='ltr'><strong>Unde</strong></span> <span class='ocrx_word' id='word_1_34' title='bbox 389 1015 465 1087; x_wconf 87' lang='lat' dir='ltr'><strong>prius</strong></span> <span class='ocrx_word' id='word_1_35' title='bbox 481 1017 551 1072; x_wconf 92' lang='lat' dir='ltr'><strong>nulli</strong></span> <span class='ocrx_word' id='word_1_36' title='bbox 565 1018 689 1073; x_wconf 86' lang='lat' dir='ltr'><strong>velarint</strong></span> <span class='ocrx_word' id='word_1_37' title='bbox 705 1025 840 1090; x_wconf 90' lang='lat' dir='ltr'><strong>tempora</strong></span> <span class='ocrx_word' id='word_1_38' title='bbox 853 1020 937 1075; x_wconf 73' lang='lat' dir='ltr'><strong>Musae</strong></span> <span class='ocrx_word' id='word_1_39' title='bbox 955 1037 962 1076; x_wconf 73' lang='grc' dir='ltr'>ι</span> 
     </span>
     <span class='ocr_line' id='line_1_8' title="bbox 294 1095 1033 1170; baseline 0.008 -21"><span class='ocrx_word' id='word_1_40' title='bbox 294 1095 422 1150; x_wconf 89' lang='lat' dir='ltr'><strong>Primum</strong></span> <span class='ocrx_word' id='word_1_41' title='bbox 438 1097 517 1169; x_wconf 92' lang='lat' dir='ltr'><strong>quod</strong></span> <span class='ocrx_word' id='word_1_42' title='bbox 533 1097 644 1170; x_wconf 86' lang='lat' dir='ltr'><strong>maguis</strong></span> <span class='ocrx_word' id='word_1_43' title='bbox 657 1098 747 1154; x_wconf 89' lang='lat' dir='ltr'><strong>doceo</strong></span> <span class='ocrx_word' id='word_1_44' title='bbox 764 1099 908 1168; x_wconf 87' lang='lat' dir='ltr'><strong>derebus,</strong></span> <span class='ocrx_word' id='word_1_45' title='bbox 920 1103 949 1155; x_wconf 86' lang='lat' dir='ltr'><strong>et</strong></span> <span class='ocrx_word' id='word_1_46' title='bbox 964 1099 1033 1154; x_wconf 87' lang='lat' dir='ltr'><strong>artis</strong></span> 
     </span>
     <span class='ocr_line' id='line_1_9' title="bbox 294 1174 1004 1250; baseline 0.007 -21"><span class='ocrx_word' id='word_1_47' title='bbox 294 1174 480 1245; x_wconf 84' lang='lat' dir='ltr'><strong>Religionum</strong></span> <span class='ocrx_word' id='word_1_48' title='bbox 504 1176 617 1231; x_wconf 79' lang='lat' dir='ltr'><strong>animos</strong></span> <span class='ocrx_word' id='word_1_49' title='bbox 633 1177 717 1231; x_wconf 89' lang='lat' dir='ltr'><strong>nodis</strong></span> <span class='ocrx_word' id='word_1_50' title='bbox 734 1179 881 1233; x_wconf 81' lang='lat' dir='ltr'><strong>exsolvere</strong></span> <span class='ocrx_word' id='word_1_51' title='bbox 897 1195 1004 1250; x_wconf 90' lang='lat' dir='ltr'><strong>pergo;</strong></span> 
     </span>
     <span class='ocr_line' id='line_1_10' title="bbox 295 1253 1028 1330; baseline 0.005 -22"><span class='ocrx_word' id='word_1_52' title='bbox 295 1253 404 1308; x_wconf 89' lang='lat' dir='ltr'><strong>Deinde</strong></span> <span class='ocrx_word' id='word_1_53' title='bbox 420 1255 499 1326; x_wconf 91' lang='lat' dir='ltr'><strong>quod</strong></span> <span class='ocrx_word' id='word_1_54' title='bbox 514 1257 635 1311; x_wconf 84' lang='lat' dir='ltr'><strong>obseura</strong></span> <span class='ocrx_word' id='word_1_55' title='bbox 651 1257 686 1312; x_wconf 91' lang='lat' dir='ltr'><strong>de</strong></span> <span class='ocrx_word' id='word_1_56' title='bbox 701 1260 808 1312; x_wconf 84' lang='lat' dir='ltr'><strong>retem</strong></span> <span class='ocrx_word' id='word_1_57' title='bbox 823 1257 919 1311; x_wconf 87' lang='lat' dir='ltr'><strong>lucida</strong></span> <span class='ocrx_word' id='word_1_58' title='bbox 933 1273 1028 1330; x_wconf 90' lang='lat' dir='ltr'><strong>pango</strong></span> 
     </span>
     <span class='ocr_line' id='line_1_11' title="bbox 296 1333 1013 1408; baseline 0.003 -20"><span class='ocrx_word' id='word_1_59' title='bbox 296 1333 443 1402; x_wconf 79' lang='lat' dir='ltr'><strong>Carmina,</strong></span> <span class='ocrx_word' id='word_1_60' title='bbox 460 1335 564 1390; x_wconf 83' lang='lat' dir='ltr'><strong>Musaeo</strong></span> <span class='ocrx_word' id='word_1_61' title='bbox 580 1336 748 1408; x_wconf 88' lang='lat' dir='ltr'><strong>contingens</strong></span> <span class='ocrx_word' id='word_1_62' title='bbox 764 1340 869 1391; x_wconf 87' lang='lat' dir='ltr'><strong>cuncta</strong></span> <span class='ocrx_word' id='word_1_63' title='bbox 882 1337 981 1408; x_wconf 92' lang='lat' dir='ltr'><strong>lepore</strong></span> <span class='ocrx_word' id='word_1_64' title='bbox 992 1340 1013 1390; x_wconf 91' lang='lat'><strong>¹.</strong></span> 
     </span>
    </p>
   </div>
   <div class='ocr_carea' id='block_1_3' title="bbox 148 1488 1283 2155">
    <p class='ocr_par' dir='ltr' id='par_1_4' title="bbox 148 1488 1283 2155">
     <span class='ocr_line' id='line_1_12' title="bbox 188 1488 1283 1571; baseline 0.005 -23"><span class='ocrx_word' id='word_1_65' title='bbox 188 1488 266 1560; x_wconf 80' lang='lat' dir='ltr'><strong>Quis</strong></span> <span class='ocrx_word' id='word_1_66' title='bbox 286 1507 361 1550; x_wconf 90' lang='lat' dir='ltr'><strong>vero</strong></span> <span class='ocrx_word' id='word_1_67' title='bbox 382 1508 446 1550; x_wconf 90' lang='lat' dir='ltr'><strong>non</strong></span> <span class='ocrx_word' id='word_1_68' title='bbox 465 1491 617 1571; x_wconf 76' lang='lat' dir='ltr'><strong>percipiet</strong></span> <span class='ocrx_word' id='word_1_69' title='bbox 632 1496 786 1571; x_wconf 90' lang='lat' dir='ltr'><strong>quantum</strong></span> <span class='ocrx_word' id='word_1_70' title='bbox 803 1491 872 1552; x_wconf 82' lang='lat' dir='ltr'><strong>haec</strong></span> <span class='ocrx_word' id='word_1_71' title='bbox 893 1491 976 1552; x_wconf 89' lang='lat' dir='ltr'><strong>inter</strong></span> <span class='ocrx_word' id='word_1_72' title='bbox 998 1497 1031 1552; x_wconf 91' lang='lat' dir='ltr'><strong>et</strong></span> <span class='ocrx_word' id='word_1_73' title='bbox 1049 1489 1168 1552; x_wconf 79' lang='lat' dir='ltr'><strong>Manilii</strong></span> <span class='ocrx_word' id='word_1_74' title='bbox 1186 1491 1283 1553; x_wconf 83' lang='lat' dir='ltr'><strong>rerba</strong></span> 
     </span>
     <span class='ocr_line' id='line_1_13' title="bbox 148 1585 1282 1668; baseline 0.005 -24"><span class='ocrx_word' id='word_1_75' title='bbox 148 1585 294 1646; x_wconf 85' lang='lat' dir='ltr'><strong>intersit?</strong></span> <span class='ocrx_word' id='word_1_76' title='bbox 308 1588 396 1646; x_wconf 90' lang='lat' dir='ltr'><strong>Nova</strong></span> <span class='ocrx_word' id='word_1_77' title='bbox 411 1607 486 1648; x_wconf 87' lang='lat' dir='ltr'><strong>sane</strong></span> <span class='ocrx_word' id='word_1_78' title='bbox 501 1607 533 1648; x_wconf 88' lang='lat' dir='ltr'><strong>se</strong></span> <span class='ocrx_word' id='word_1_79' title='bbox 549 1589 688 1668; x_wconf 82' lang='lat' dir='ltr'><strong>pandere</strong></span> <span class='ocrx_word' id='word_1_80' title='bbox 703 1590 866 1649; x_wconf 88' lang='lat' dir='ltr'><strong>Lucretius</strong></span> <span class='ocrx_word' id='word_1_81' title='bbox 880 1588 992 1668; x_wconf 86' lang='lat' dir='ltr'><strong>jactat,</strong></span> <span class='ocrx_word' id='word_1_82' title='bbox 1009 1589 1064 1650; x_wconf 92' lang='lat' dir='ltr'><strong>sed</strong></span> <span class='ocrx_word' id='word_1_83' title='bbox 1084 1607 1148 1650; x_wconf 93' lang='lat' dir='ltr'><strong>non</strong></span> <span class='ocrx_word' id='word_1_84' title='bbox 1165 1608 1204 1650; x_wconf 89' lang='lat' dir='ltr'><strong>ea</strong></span> <span class='ocrx_word' id='word_1_85' title='bbox 1223 1589 1282 1650; x_wconf 88' lang='lat' dir='ltr'><strong>sibi</strong></span> 
     </span>
     <span class='ocr_line' id='line_1_14' title="bbox 149 1683 1281 1767; baseline 0.005 -25"><span class='ocrx_word' id='word_1_86' title='bbox 149 1683 317 1763; x_wconf 90' lang='lat' dir='ltr'><strong>proposuit</strong></span> <span class='ocrx_word' id='word_1_87' title='bbox 336 1685 518 1763; x_wconf 88' lang='lat' dir='ltr'><strong>pandenda,</strong></span> <span class='ocrx_word' id='word_1_88' title='bbox 535 1705 598 1747; x_wconf 91' lang='lat' dir='ltr'><strong>non</strong></span> <span class='ocrx_word' id='word_1_89' title='bbox 615 1706 653 1746; x_wconf 86' lang='lat' dir='ltr'><strong>ex</strong></span> <span class='ocrx_word' id='word_1_90' title='bbox 668 1686 716 1746; x_wconf 90' lang='lat' dir='ltr'><strong>his</strong></span> <span class='ocrx_word' id='word_1_91' title='bbox 736 1686 796 1746; x_wconf 88' lang='lat' dir='ltr'><strong>sibi</strong></span> <span class='ocrx_word' id='word_1_92' title='bbox 816 1687 944 1748; x_wconf 90' lang='lat' dir='ltr'><strong>laudem</strong></span> <span class='ocrx_word' id='word_1_93' title='bbox 965 1692 1105 1766; x_wconf 87' lang='lat' dir='ltr'><strong>arrogat,</strong></span> <span class='ocrx_word' id='word_1_94' title='bbox 1119 1688 1193 1767; x_wconf 90' lang='lat' dir='ltr'><strong>quia</strong></span> <span class='ocrx_word' id='word_1_95' title='bbox 1210 1695 1281 1748; x_wconf 87' lang='lat' dir='ltr'><strong>tan-</strong></span> 
     </span>
     <span class='ocr_line' id='line_1_15' title="bbox 149 1783 1283 1865; baseline 0.005 -25"><span class='ocrx_word' id='word_1_96' title='bbox 149 1786 219 1841; x_wconf 90' lang='lat' dir='ltr'><strong>tum</strong></span> <span class='ocrx_word' id='word_1_97' title='bbox 241 1799 336 1856; x_wconf 88' lang='lat' dir='ltr'><strong>nova,</strong></span> <span class='ocrx_word' id='word_1_98' title='bbox 354 1783 409 1843; x_wconf 89' lang='lat' dir='ltr'><strong>sed</strong></span> <span class='ocrx_word' id='word_1_99' title='bbox 429 1784 504 1864; x_wconf 89' lang='lat' dir='ltr'><strong>quia</strong></span> <span class='ocrx_word' id='word_1_100' title='bbox 526 1803 641 1862; x_wconf 82' lang='lat' dir='ltr'><strong>magna</strong></span> <span class='ocrx_word' id='word_1_101' title='bbox 663 1785 735 1859; x_wconf 87' lang='lat' dir='ltr'><strong>sint,</strong></span> <span class='ocrx_word' id='word_1_102' title='bbox 753 1790 784 1845; x_wconf 89' lang='lat' dir='ltr'><strong>et</strong></span> <span class='ocrx_word' id='word_1_103' title='bbox 806 1785 882 1865; x_wconf 91' lang='lat' dir='ltr'><strong>quia</strong></span> <span class='ocrx_word' id='word_1_104' title='bbox 900 1804 939 1846; x_wconf 85' lang='lat' dir='ltr'><strong>ex</strong></span> <span class='ocrx_word' id='word_1_105' title='bbox 959 1784 1101 1846; x_wconf 83' lang='lat' dir='ltr'><strong>obscuris</strong></span> <span class='ocrx_word' id='word_1_106' title='bbox 1117 1784 1202 1846; x_wconf 86' lang='lat' dir='ltr'><strong>fecta</strong></span> <span class='ocrx_word' id='word_1_107' title='bbox 1219 1786 1283 1846; x_wconf 86' lang='lat' dir='ltr'><strong>sint</strong></span> 
     </span>
     <span class='ocr_line' id='line_1_16' title="bbox 148 1879 1279 1962; baseline 0.004 -24"><span class='ocrx_word' id='word_1_108' title='bbox 148 1879 292 1939; x_wconf 83' lang='lat' dir='ltr'><strong>carmine</strong></span> <span class='ocrx_word' id='word_1_109' title='bbox 303 1879 418 1941; x_wconf 89' lang='lat' dir='ltr'><strong>lucida.</strong></span> <span class='ocrx_word' id='word_1_110' title='bbox 430 1882 471 1941; x_wconf 84' lang='lat' dir='ltr'><strong>At</strong></span> <span class='ocrx_word' id='word_1_111' title='bbox 481 1882 626 1942; x_wconf 79' lang='lat' dir='ltr'><strong>Manilius</strong></span> <span class='ocrx_word' id='word_1_112' title='bbox 637 1882 715 1942; x_wconf 89' lang='lat' dir='ltr'><strong>nihil</strong></span> <span class='ocrx_word' id='word_1_113' title='bbox 731 1883 813 1944; x_wconf 89' lang='lat' dir='ltr'><strong>tanti</strong></span> <span class='ocrx_word' id='word_1_114' title='bbox 826 1882 937 1962; x_wconf 92' lang='lat' dir='ltr'><strong>quanti</strong></span> <span class='ocrx_word' id='word_1_115' title='bbox 947 1883 1121 1943; x_wconf 89' lang='lat' dir='ltr'><strong>novitatem</strong></span> <span class='ocrx_word' id='word_1_116' title='bbox 1133 1883 1279 1955; x_wconf 76' lang='lat' dir='ltr'><strong>aestimat,</strong></span> 
     </span>
     <span class='ocr_line' id='line_1_17' title="bbox 150 1977 1282 2057; baseline 0.004 -21"><span class='ocrx_word' id='word_1_117' title='bbox 150 1995 209 2038; x_wconf 89' lang='lat' dir='ltr'><strong>nec</strong></span> <span class='ocrx_word' id='word_1_118' title='bbox 228 1977 306 2057; x_wconf 93' lang='lat' dir='ltr'><strong>quid</strong></span> <span class='ocrx_word' id='word_1_119' title='bbox 326 1978 398 2039; x_wconf 86' lang='lat' dir='ltr'><strong>vitae</strong></span> <span class='ocrx_word' id='word_1_120' title='bbox 420 1978 569 2040; x_wconf 86' lang='lat' dir='ltr'><strong>humanae</strong></span> <span class='ocrx_word' id='word_1_121' title='bbox 589 1998 673 2041; x_wconf 90' lang='lat' dir='ltr'><strong>nova</strong></span> <span class='ocrx_word' id='word_1_122' title='bbox 690 1979 745 2040; x_wconf 90' lang='lat' dir='ltr'><strong>illa</strong></span> <span class='ocrx_word' id='word_1_123' title='bbox 765 1980 841 2040; x_wconf 89' lang='lat' dir='ltr'><strong>utile</strong></span> <span class='ocrx_word' id='word_1_124' title='bbox 863 1997 899 2040; x_wconf 88' lang='lat' dir='ltr'><strong>ac</strong></span> <span class='ocrx_word' id='word_1_125' title='bbox 920 1977 1047 2039; x_wconf 86' lang='lat' dir='ltr'><strong>salubre</strong></span> <span class='ocrx_word' id='word_1_126' title='bbox 1065 1978 1209 2052; x_wconf 85' lang='lat' dir='ltr'><strong>afferant,</strong></span> <span class='ocrx_word' id='word_1_127' title='bbox 1226 1980 1282 2040; x_wconf 86' lang='lat' dir='ltr'><strong>sed</strong></span> 
     </span>
     <span class='ocr_line' id='line_1_18' title="bbox 149 2074 1280 2155; baseline 0.002 -21"><span class='ocrx_word' id='word_1_128' title='bbox 149 2074 228 2153; x_wconf 94' lang='lat' dir='ltr'><strong>quid</strong></span> <span class='ocrx_word' id='word_1_129' title='bbox 238 2075 417 2136; x_wconf 88' lang='lat' dir='ltr'><strong>litterarum</strong></span> <span class='ocrx_word' id='word_1_130' title='bbox 430 2077 560 2137; x_wconf 89' lang='lat' dir='ltr'><strong>curiosis</strong></span> <span class='ocrx_word' id='word_1_131' title='bbox 576 2077 733 2137; x_wconf 90' lang='lat' dir='ltr'><strong>diversum</strong></span> <span class='ocrx_word' id='word_1_132' title='bbox 750 2081 959 2137; x_wconf 80' lang='lat' dir='ltr'><strong>coeterorum</strong></span> <span class='ocrx_word' id='word_1_133' title='bbox 969 2079 1137 2155; x_wconf 91' lang='lat' dir='ltr'><strong>poetarum</strong></span> <span class='ocrx_word' id='word_1_134' title='bbox 1152 2093 1280 2136; x_wconf 88' lang='lat' dir='ltr'><strong>cousue-</strong></span> 
     </span>
    </p>
   </div>
   <div class='ocr_carea' id='block_1_4' title="bbox 46 2171 1281 2253">
    <p class='ocr_par' dir='ltr' id='par_1_5' title="bbox 46 2171 1281 2253">
     <span class='ocr_line' id='line_1_19' title="bbox 46 2171 1281 2253; baseline 0.001 -21"><span class='ocrx_word' id='word_1_135' title='bbox 46 2199 50 2212; x_wconf 93' lang='lat'>·</span> <span class='ocrx_word' id='word_1_136' title='bbox 149 2172 271 2246; x_wconf 86' lang='lat' dir='ltr'><strong>tudine,</strong></span> <span class='ocrx_word' id='word_1_137' title='bbox 285 2173 361 2251; x_wconf 93' lang='lat' dir='ltr'><strong>quid</strong></span> <span class='ocrx_word' id='word_1_138' title='bbox 376 2192 482 2234; x_wconf 88' lang='lat' dir='ltr'><strong>rerum</strong></span> <span class='ocrx_word' id='word_1_139' title='bbox 503 2193 539 2234; x_wconf 87' lang='lat' dir='ltr'><strong>ac</strong></span> <span class='ocrx_word' id='word_1_140' title='bbox 555 2173 713 2253; x_wconf 88' lang='lat' dir='ltr'><strong>singulare</strong></span> <span class='ocrx_word' id='word_1_141' title='bbox 733 2171 914 2233; x_wconf 83' lang='lat' dir='ltr'><strong>exhibeant.</strong></span> <span class='ocrx_word' id='word_1_142' title='bbox 928 2171 1003 2232; x_wconf 87' lang='lat' dir='ltr'><strong>lude</strong></span> <span class='ocrx_word' id='word_1_143' title='bbox 1018 2171 1144 2232; x_wconf 84' lang='lat' dir='ltr'><strong>leudem</strong></span> <span class='ocrx_word' id='word_1_144' title='bbox 1164 2177 1195 2232; x_wconf 90' lang='lat' dir='ltr'><strong>et</strong></span> <span class='ocrx_word' id='word_1_145' title='bbox 1213 2172 1281 2251; x_wconf 89' lang='lat' dir='ltr'><strong>glo·</strong></span> 
     </span>
    </p>
   </div>
   <div class='ocr_carea' id='block_1_5' title="bbox 147 2268 1281 3425">
    <p class='ocr_par' dir='ltr' id='par_1_6' title="bbox 149 2268 1281 2527">
     <span class='ocr_line' id='line_1_20' title="bbox 149 2268 1281 2351; baseline 0.001 -22"><span class='ocrx_word' id='word_1_146' title='bbox 149 2268 230 2330; x_wconf 86' lang='lat' dir='ltr'><strong>riam</strong></span> <span class='ocrx_word' id='word_1_147' title='bbox 241 2289 339 2349; x_wconf 83' lang='lat' dir='ltr'><strong>supra</strong></span> <span class='ocrx_word' id='word_1_148' title='bbox 347 2272 474 2332; x_wconf 90' lang='lat' dir='ltr'><strong>Homeri</strong></span> <span class='ocrx_word' id='word_1_149' title='bbox 487 2271 675 2351; x_wconf 89' lang='lat' dir='ltr'><strong>Hesiodique</strong></span> <span class='ocrx_word' id='word_1_150' title='bbox 686 2271 806 2331; x_wconf 88' lang='lat' dir='ltr'><strong>famam</strong></span> <span class='ocrx_word' id='word_1_151' title='bbox 818 2269 877 2330; x_wconf 89' lang='lat' dir='ltr'><strong>sibi</strong></span> <span class='ocrx_word' id='word_1_152' title='bbox 888 2268 1013 2350; x_wconf 85' lang='lat' dir='ltr'><strong>quaerit,</strong></span> <span class='ocrx_word' id='word_1_153' title='bbox 1025 2269 1173 2349; x_wconf 89' lang='lat' dir='ltr'><strong>quodque</strong></span> <span class='ocrx_word' id='word_1_154' title='bbox 1184 2269 1281 2332; x_wconf 87' lang='lat' dir='ltr'><strong>semel</strong></span> 
     </span>
     <span class='ocr_line' id='line_1_21' title="bbox 149 2366 1280 2449; baseline 0.003 -22"><span class='ocrx_word' id='word_1_155' title='bbox 149 2367 315 2428; x_wconf 88' lang='lat' dir='ltr'><strong>Lueretius</strong></span> <span class='ocrx_word' id='word_1_156' title='bbox 330 2367 464 2430; x_wconf 90' lang='lat' dir='ltr'><strong>honesta</strong></span> <span class='ocrx_word' id='word_1_157' title='bbox 478 2369 616 2449; x_wconf 88' lang='lat' dir='ltr'><strong>quadam</strong></span> <span class='ocrx_word' id='word_1_158' title='bbox 632 2368 748 2430; x_wconf 86' lang='lat' dir='ltr'><strong>fiducia</strong></span> <span class='ocrx_word' id='word_1_159' title='bbox 767 2367 945 2448; x_wconf 85' lang='lat' dir='ltr'><strong>profitetur,</strong></span> <span class='ocrx_word' id='word_1_160' title='bbox 961 2366 994 2427; x_wconf 95' lang='lat' dir='ltr'><strong>id</strong></span> <span class='ocrx_word' id='word_1_161' title='bbox 1007 2366 1061 2428; x_wconf 89' lang='lat' dir='ltr'><strong>ille</strong></span> <span class='ocrx_word' id='word_1_162' title='bbox 1075 2366 1189 2447; x_wconf 88' lang='lat' dir='ltr'><strong>puerili</strong></span> <span class='ocrx_word' id='word_1_163' title='bbox 1203 2385 1280 2449; x_wconf 86' lang='lat' dir='ltr'><strong>qua·</strong></span> 
     </span>
     <span class='ocr_line' id='line_1_22' title="bbox 151 2464 743 2527; baseline -0.002 -1"><span class='ocrx_word' id='word_1_164' title='bbox 151 2464 228 2526; x_wconf 90' lang='lat' dir='ltr'><strong>dam</strong></span> <span class='ocrx_word' id='word_1_165' title='bbox 243 2465 383 2526; x_wconf 84' lang='lat' dir='ltr'><strong>vanitate</strong></span> <span class='ocrx_word' id='word_1_166' title='bbox 400 2466 571 2527; x_wconf 80' lang='lat' dir='ltr'><strong>identidem</strong></span> <span class='ocrx_word' id='word_1_167' title='bbox 585 2467 743 2527; x_wconf 87' lang='lat' dir='ltr'><strong>decantat.</strong></span> 
     </span>
    </p>

    <p class='ocr_par' dir='ltr' id='par_1_7' title="bbox 147 2563 1281 3425">
     <span class='ocr_line' id='line_1_23' title="bbox 189 2563 1281 2643; baseline -0.002 -18"><span class='ocrx_word' id='word_1_168' title='bbox 189 2566 259 2625; x_wconf 92' lang='lat' dir='ltr'><strong>Non</strong></span> <span class='ocrx_word' id='word_1_169' title='bbox 279 2570 387 2626; x_wconf 85' lang='lat' dir='ltr'><strong>tamen</strong></span> <span class='ocrx_word' id='word_1_170' title='bbox 408 2565 581 2626; x_wconf 87' lang='lat' dir='ltr'><strong>novitatem</strong></span> <span class='ocrx_word' id='word_1_171' title='bbox 601 2565 703 2626; x_wconf 84' lang='lat' dir='ltr'><strong>solum</strong></span> <span class='ocrx_word' id='word_1_172' title='bbox 725 2568 910 2638; x_wconf 79' lang='lat' dir='ltr'><strong>assectatur,</strong></span> <span class='ocrx_word' id='word_1_173' title='bbox 927 2564 993 2639; x_wconf 92' lang='lat' dir='ltr'><strong>sed,</strong></span> <span class='ocrx_word' id='word_1_174' title='bbox 1010 2563 1096 2643; x_wconf 93' lang='lat' dir='ltr'><strong>quod</strong></span> <span class='ocrx_word' id='word_1_175' title='bbox 1111 2582 1201 2642; x_wconf 81' lang='lat' dir='ltr'><strong>aeque</strong></span> <span class='ocrx_word' id='word_1_176' title='bbox 1216 2564 1281 2625; x_wconf 80' lang='lat' dir='ltr'><strong>vul-</strong></span> 
     </span>
     <span class='ocr_line' id='line_1_24' title="bbox 147 2660 1281 2744; baseline -0.002 -22"><span class='ocrx_word' id='word_1_177' title='bbox 147 2662 240 2741; x_wconf 83' lang='lat' dir='ltr'><strong>garia</strong></span> <span class='ocrx_word' id='word_1_178' title='bbox 258 2668 290 2723; x_wconf 93' lang='lat' dir='ltr'><strong>et</strong></span> <span class='ocrx_word' id='word_1_179' title='bbox 308 2662 477 2724; x_wconf 87' lang='lat' dir='ltr'><strong>mediocria</strong></span> <span class='ocrx_word' id='word_1_180' title='bbox 496 2663 651 2744; x_wconf 82' lang='lat' dir='ltr'><strong>delectare</strong></span> <span class='ocrx_word' id='word_1_181' title='bbox 667 2662 748 2723; x_wconf 87' lang='lat' dir='ltr'><strong>solet</strong></span> <span class='ocrx_word' id='word_1_182' title='bbox 769 2660 907 2741; x_wconf 88' lang='lat' dir='ltr'><strong>ingenia,</strong></span> <span class='ocrx_word' id='word_1_183' title='bbox 929 2660 1156 2721; x_wconf 82' lang='lat' dir='ltr'><strong>difficultatem.</strong></span> <span class='ocrx_word' id='word_1_184' title='bbox 1173 2662 1281 2740; x_wconf 89' lang='lat' dir='ltr'><strong>Neque</strong></span> 
     </span>
     <span class='ocr_line' id='line_1_25' title="bbox 149 2755 1280 2841; baseline -0.001 -23"><span class='ocrx_word' id='word_1_185' title='bbox 149 2758 206 2819; x_wconf 86' lang='lat' dir='ltr'><strong>illa</strong></span> <span class='ocrx_word' id='word_1_186' title='bbox 220 2760 322 2839; x_wconf 87' lang='lat' dir='ltr'><strong>magis</strong></span> <span class='ocrx_word' id='word_1_187' title='bbox 337 2760 491 2839; x_wconf 83' lang='lat' dir='ltr'><strong>gloriatur</strong></span> <span class='ocrx_word' id='word_1_188' title='bbox 505 2780 600 2841; x_wconf 90' lang='lat' dir='ltr'><strong>quam</strong></span> <span class='ocrx_word' id='word_1_189' title='bbox 616 2760 676 2821; x_wconf 88' lang='lat' dir='ltr'><strong>hac</strong></span> <span class='ocrx_word' id='word_1_190' title='bbox 685 2759 790 2840; x_wconf 88' lang='lat' dir='ltr'><strong>:quasi</strong></span> <span class='ocrx_word' id='word_1_191' title='bbox 801 2758 998 2819; x_wconf 87' lang='lat' dir='ltr'><strong>laudandum</strong></span> <span class='ocrx_word' id='word_1_192' title='bbox 1012 2756 1044 2817; x_wconf 94' lang='lat' dir='ltr'><strong>id</strong></span> <span class='ocrx_word' id='word_1_193' title='bbox 1061 2775 1118 2837; x_wconf 93' lang='lat' dir='ltr'><strong>per</strong></span> <span class='ocrx_word' id='word_1_194' title='bbox 1129 2775 1162 2817; x_wconf 91' lang='lat' dir='ltr'><strong>se</strong></span> <span class='ocrx_word' id='word_1_195' title='bbox 1176 2755 1280 2835; x_wconf 92' lang='lat' dir='ltr'><strong>ipsum</strong></span> 
     </span>
     <span class='ocr_line' id='line_1_26' title="bbox 148 2854 1281 2937; baseline -0.001 -21"><span class='ocrx_word' id='word_1_196' title='bbox 148 2857 200 2930; x_wconf 90' lang='lat' dir='ltr'><strong>sit,</strong></span> <span class='ocrx_word' id='word_1_197' title='bbox 210 2876 278 2918; x_wconf 88' lang='lat' dir='ltr'><strong>rem</strong></span> <span class='ocrx_word' id='word_1_198' title='bbox 292 2876 388 2937; x_wconf 92' lang='lat' dir='ltr'><strong>quam</strong></span> <span class='ocrx_word' id='word_1_199' title='bbox 403 2859 532 2919; x_wconf 87' lang='lat' dir='ltr'><strong>minime</strong></span> <span class='ocrx_word' id='word_1_200' title='bbox 547 2858 686 2919; x_wconf 90' lang='lat' dir='ltr'><strong>numeris</strong></span> <span class='ocrx_word' id='word_1_201' title='bbox 701 2857 976 2919; x_wconf 89' lang='lat' dir='ltr'><strong>accommodatam</strong></span> <span class='ocrx_word' id='word_1_202' title='bbox 989 2854 1024 2914; x_wconf 89' lang='lat' dir='ltr'><strong>in</strong></span> <span class='ocrx_word' id='word_1_203' title='bbox 1037 2872 1186 2915; x_wconf 89' lang='lat' dir='ltr'><strong>numeros</strong></span> <span class='ocrx_word' id='word_1_204' title='bbox 1199 2854 1281 2915; x_wconf 90' lang='lat' dir='ltr'><strong>redi-</strong></span> 
     </span>
     <span class='ocr_line' id='line_1_27' title="bbox 148 2952 1274 3037; baseline 0 -22"><span class='ocrx_word' id='word_1_205' title='bbox 148 2973 235 3033; x_wconf 84' lang='lat' dir='ltr'><strong>gere,</strong></span> <span class='ocrx_word' id='word_1_206' title='bbox 251 2956 400 3035; x_wconf 91' lang='lat' dir='ltr'><strong>quodque</strong></span> <span class='ocrx_word' id='word_1_207' title='bbox 420 2956 523 3036; x_wconf 90' lang='lat' dir='ltr'><strong>poesis</strong></span> <span class='ocrx_word' id='word_1_208' title='bbox 538 2974 685 3037; x_wconf 88' lang='lat' dir='ltr'><strong>respuere</strong></span> <span class='ocrx_word' id='word_1_209' title='bbox 703 2956 841 3029; x_wconf 87' lang='lat' dir='ltr'><strong>videtur,</strong></span> <span class='ocrx_word' id='word_1_210' title='bbox 858 2955 892 3015; x_wconf 90' lang='lat' dir='ltr'><strong>in</strong></span> <span class='ocrx_word' id='word_1_211' title='bbox 908 2953 1028 3034; x_wconf 86' lang='lat' dir='ltr'><strong>poesim</strong></span> <span class='ocrx_word' id='word_1_212' title='bbox 1047 2952 1081 3013; x_wconf 93' lang='lat' dir='ltr'><strong>id</strong></span> <span class='ocrx_word' id='word_1_213' title='bbox 1099 2952 1274 3015; x_wconf 83' lang='lat' dir='ltr'><strong>intrudere.</strong></span> 
     </span>
     <span class='ocr_line' id='line_1_28' title="bbox 148 3051 1278 3134; baseline -0.002 -22"><span class='ocrx_word' id='word_1_214' title='bbox 148 3052 189 3113; x_wconf 86' lang='lat' dir='ltr'><strong>At</strong></span> <span class='ocrx_word' id='word_1_215' title='bbox 202 3058 314 3113; x_wconf 88' lang='lat' dir='ltr'><strong>contra</strong></span> <span class='ocrx_word' id='word_1_216' title='bbox 328 3052 405 3112; x_wconf 91' lang='lat' dir='ltr'><strong>mihi</strong></span> <span class='ocrx_word' id='word_1_217' title='bbox 421 3054 554 3127; x_wconf 89' lang='lat' dir='ltr'><strong>videtur,</strong></span> <span class='ocrx_word' id='word_1_218' title='bbox 569 3055 626 3133; x_wconf 92' lang='lat' dir='ltr'><strong>qui</strong></span> <span class='ocrx_word' id='word_1_219' title='bbox 639 3054 721 3115; x_wconf 91' lang='lat' dir='ltr'><strong>hanc</strong></span> <span class='ocrx_word' id='word_1_220' title='bbox 734 3054 910 3134; x_wconf 88' lang='lat' dir='ltr'><strong>principem</strong></span> <span class='ocrx_word' id='word_1_221' title='bbox 924 3051 983 3113; x_wconf 87' lang='lat' dir='ltr'><strong>sihi</strong></span> <span class='ocrx_word' id='word_1_222' title='bbox 996 3051 1123 3112; x_wconf 91' lang='lat' dir='ltr'><strong>laudem</strong></span> <span class='ocrx_word' id='word_1_223' title='bbox 1137 3056 1278 3129; x_wconf 84' lang='lat' dir='ltr'><strong>arrogat,</strong></span> 
     </span>
     <span class='ocr_line' id='line_1_29' title="bbox 149 3146 1280 3231; baseline -0.002 -22"><span class='ocrx_word' id='word_1_224' title='bbox 149 3150 290 3211; x_wconf 87' lang='lat' dir='ltr'><strong>nascenti</strong></span> <span class='ocrx_word' id='word_1_225' title='bbox 309 3150 438 3211; x_wconf 90' lang='lat' dir='ltr'><strong>illinon</strong></span> <span class='ocrx_word' id='word_1_226' title='bbox 457 3157 522 3212; x_wconf 89' lang='lat' dir='ltr'><strong>tam</strong></span> <span class='ocrx_word' id='word_1_227' title='bbox 542 3151 644 3212; x_wconf 91' lang='lat' dir='ltr'><strong>ullum</strong></span> <span class='ocrx_word' id='word_1_228' title='bbox 667 3152 803 3212; x_wconf 84' lang='lat' dir='ltr'><strong>adfuisse</strong></span> <span class='ocrx_word' id='word_1_229' title='bbox 823 3150 982 3231; x_wconf 90' lang='lat' dir='ltr'><strong>poeticum</strong></span> <span class='ocrx_word' id='word_1_230' title='bbox 1002 3149 1139 3227; x_wconf 89' lang='lat' dir='ltr'><strong>signum,</strong></span> <span class='ocrx_word' id='word_1_231' title='bbox 1155 3146 1280 3225; x_wconf 83' lang='lat' dir='ltr'><strong>Cephea</strong></span> 
     </span>
     <span class='ocr_line' id='line_1_30' title="bbox 147 3242 1280 3329; baseline -0.004 -22"><span class='ocrx_word' id='word_1_232' title='bbox 147 3251 205 3307; x_wconf 88' lang='lat' dir='ltr'><strong>aut</strong></span> <span class='ocrx_word' id='word_1_233' title='bbox 220 3248 378 3323; x_wconf 88' lang='lat' dir='ltr'><strong>Geminos,</strong></span> <span class='ocrx_word' id='word_1_234' title='bbox 395 3268 491 3329; x_wconf 91' lang='lat' dir='ltr'><strong>quem</strong></span> <span class='ocrx_word' id='word_1_235' title='bbox 506 3248 590 3311; x_wconf 92' lang='lat' dir='ltr'><strong>idem</strong></span> <span class='ocrx_word' id='word_1_236' title='bbox 604 3248 684 3311; x_wconf 92' lang='lat' dir='ltr'><strong>illud</strong></span> <span class='ocrx_word' id='word_1_237' title='bbox 699 3248 788 3326; x_wconf 83' lang='lat' dir='ltr'><strong>cujus</strong></span> <span class='ocrx_word' id='word_1_238' title='bbox 807 3246 924 3306; x_wconf 87' lang='lat' dir='ltr'><strong>virtute</strong></span> <span class='ocrx_word' id='word_1_239' title='bbox 941 3244 1131 3304; x_wconf 82' lang='lat' dir='ltr'><strong>informatus</strong></span> <span class='ocrx_word' id='word_1_240' title='bbox 1145 3242 1280 3303; x_wconf 84' lang='lat' dir='ltr'><strong>circula·</strong></span> 
     </span>
     <span class='ocr_line' id='line_1_31' title="bbox 150 3344 330 3425; baseline 0.011 -21"><span class='ocrx_word' id='word_1_241' title='bbox 150 3349 200 3404; x_wconf 90' lang='lat' dir='ltr'><strong>tor</strong></span> <span class='ocrx_word' id='word_1_242' title='bbox 214 3344 330 3425; x_wconf 84' lang='lat' dir='ltr'><strong>aliquis</strong></span> 
     </span>
    </p>
   </div>
   <div class='ocr_carea' id='block_1_6' title="bbox 292 3456 953 3533">
    <p class='ocr_par' dir='ltr' id='par_1_8' title="bbox 292 3456 953 3533">
     <span class='ocr_line' id='line_1_32' title="bbox 292 3456 953 3533; baseline -0.002 -18"><span class='ocrx_word' id='word_1_243' title='bbox 292 3460 376 3515; x_wconf 86' lang='lat' dir='ltr'><strong>Certa</strong></span> <span class='ocrx_word' id='word_1_244' title='bbox 389 3477 440 3533; x_wconf 88' lang='lat' dir='ltr'><strong>per</strong></span> <span class='ocrx_word' id='word_1_245' title='bbox 453 3464 584 3519; x_wconf 81' lang='lat' dir='ltr'><strong>extentos</strong></span> <span class='ocrx_word' id='word_1_246' title='bbox 599 3460 684 3517; x_wconf 87' lang='lat' dir='ltr'><strong>ducet</strong></span> <span class='ocrx_word' id='word_1_247' title='bbox 699 3458 819 3531; x_wconf 86' lang='lat' dir='ltr'><strong>vestigia</strong></span> <span class='ocrx_word' id='word_1_248' title='bbox 832 3456 917 3513; x_wconf 83' lang='lat' dir='ltr'><strong>funes</strong></span> <span class='ocrx_word' id='word_1_249' title='bbox 931 3456 953 3514; x_wconf 77' lang='lat'><strong>¹.</strong></span> 
     </span>
    </p>
   </div>
   <div class='ocr_carea' id='block_1_7' title="bbox 150 3611 1279 3991">
    <p class='ocr_par' dir='ltr' id='par_1_9' title="bbox 150 3611 1279 3991">
     <span class='ocr_line' id='line_1_33' title="bbox 189 3611 1278 3698; baseline -0.006 -20"><span class='ocrx_word' id='word_1_250' title='bbox 189 3619 302 3680; x_wconf 90' lang='lat' dir='ltr'><strong>Nostro</strong></span> <span class='ocrx_word' id='word_1_251' title='bbox 313 3618 412 3681; x_wconf 86' lang='lat' dir='ltr'><strong>silicet</strong></span> <span class='ocrx_word' id='word_1_252' title='bbox 424 3620 503 3681; x_wconf 92' lang='lat' dir='ltr'><strong>nihil</strong></span> <span class='ocrx_word' id='word_1_253' title='bbox 517 3638 591 3681; x_wconf 87' lang='lat' dir='ltr'><strong>sene</strong></span> <span class='ocrx_word' id='word_1_254' title='bbox 607 3626 729 3680; x_wconf 86' lang='lat' dir='ltr'><strong>tantum</strong></span> <span class='ocrx_word' id='word_1_255' title='bbox 743 3618 963 3698; x_wconf 87' lang='lat' dir='ltr'><strong>placet,quam</strong></span> <span class='ocrx_word' id='word_1_256' title='bbox 974 3614 1060 3696; x_wconf 94' lang='lat' dir='ltr'><strong>quod</strong></span> <span class='ocrx_word' id='word_1_257' title='bbox 1070 3611 1278 3694; x_wconf 87' lang='lat' dir='ltr'><strong>asperrimam</strong></span> 
     </span>
     <span class='ocr_line' id='line_1_34' title="bbox 150 3711 1278 3797; baseline -0.003 -23"><span class='ocrx_word' id='word_1_258' title='bbox 150 3732 215 3775; x_wconf 90' lang='lat' dir='ltr'><strong>rem</strong></span> <span class='ocrx_word' id='word_1_259' title='bbox 238 3715 473 3797; x_wconf 88' lang='lat' dir='ltr'><strong>absurdamque</strong></span> <span class='ocrx_word' id='word_1_260' title='bbox 494 3723 525 3779; x_wconf 91' lang='lat' dir='ltr'><strong>et</strong></span> <span class='ocrx_word' id='word_1_261' title='bbox 544 3736 657 3797; x_wconf 91' lang='lat' dir='ltr'><strong>parum</strong></span> <span class='ocrx_word' id='word_1_262' title='bbox 679 3716 860 3778; x_wconf 88' lang='lat' dir='ltr'><strong>credibilem</strong></span> <span class='ocrx_word' id='word_1_263' title='bbox 883 3713 1076 3793; x_wconf 84' lang='lat' dir='ltr'><strong>aggreditur.</strong></span> <span class='ocrx_word' id='word_1_264' title='bbox 1097 3711 1197 3783; x_wconf 84' lang='lat' dir='ltr'><strong>Quam</strong></span> <span class='ocrx_word' id='word_1_265' title='bbox 1222 3728 1278 3771; x_wconf 90' lang='lat' dir='ltr'><strong>su·</strong></span> 
     </span>
     <span class='ocr_line' id='line_1_35' title="bbox 150 3812 1279 3893; baseline -0.004 -21"><span class='ocrx_word' id='word_1_266' title='bbox 150 3812 245 3891; x_wconf 87' lang='lat' dir='ltr'><strong>perbe</strong></span> <span class='ocrx_word' id='word_1_267' title='bbox 260 3813 344 3874; x_wconf 88' lang='lat' dir='ltr'><strong>euim</strong></span> <span class='ocrx_word' id='word_1_268' title='bbox 359 3833 397 3875; x_wconf 89' lang='lat' dir='ltr'><strong>ea</strong></span> <span class='ocrx_word' id='word_1_269' title='bbox 410 3814 530 3877; x_wconf 82' lang='lat' dir='ltr'><strong>fastidit</strong></span> <span class='ocrx_word' id='word_1_270' title='bbox 549 3814 721 3893; x_wconf 89' lang='lat' dir='ltr'><strong>ceterisque</strong></span> <span class='ocrx_word' id='word_1_271' title='bbox 738 3812 897 3892; x_wconf 88' lang='lat' dir='ltr'><strong>relinquit,</strong></span> <span class='ocrx_word' id='word_1_272' title='bbox 914 3830 987 3892; x_wconf 86' lang='lat' dir='ltr'><strong>quae</strong></span> <span class='ocrx_word' id='word_1_273' title='bbox 1001 3816 1117 3871; x_wconf 86' lang='lat' dir='ltr'><strong>natura</strong></span> <span class='ocrx_word' id='word_1_274' title='bbox 1131 3826 1196 3870; x_wconf 88' lang='lat' dir='ltr'><strong>non</strong></span> <span class='ocrx_word' id='word_1_275' title='bbox 1210 3824 1279 3868; x_wconf 89' lang='lat' dir='ltr'><strong>car·</strong></span> 
     </span>
     <span class='ocr_line' id='line_1_36' title="bbox 150 3908 434 3991; baseline 0.014 -22"><span class='ocrx_word' id='word_1_276' title='bbox 150 3908 226 3970; x_wconf 91' lang='lat' dir='ltr'><strong>mini</strong></span> <span class='ocrx_word' id='word_1_277' title='bbox 240 3914 434 3991; x_wconf 88' lang='lat' dir='ltr'><strong>repugnentl</strong></span> 
     </span>
    </p>
   </div>
   <div class='ocr_carea' id='block_1_8' title="bbox 291 4030 1122 4187">
    <p class='ocr_par' dir='ltr' id='par_1_10' title="bbox 291 4030 1122 4187">
     <span class='ocr_line' id='line_1_37' title="bbox 445 4030 1122 4100; baseline -0.012 -8.573"><span class='ocrx_word' id='word_1_278' title='bbox 445 4034 538 4091; x_wconf 83' lang='lat' dir='ltr'><strong>Facile</strong></span> <span class='ocrx_word' id='word_1_279' title='bbox 550 4039 595 4091; x_wconf 87' lang='lat' dir='ltr'><strong>est</strong></span> <span class='ocrx_word' id='word_1_280' title='bbox 606 4033 699 4088; x_wconf 81' lang='lat' dir='ltr'><strong>ventis</strong></span> <span class='ocrx_word' id='word_1_281' title='bbox 715 4034 783 4089; x_wconf 91' lang='lat' dir='ltr'><strong>dare</strong></span> <span class='ocrx_word' id='word_1_282' title='bbox 797 4032 860 4088; x_wconf 84' lang='lat' dir='ltr'><strong>vela</strong></span> <span class='ocrx_word' id='word_1_283' title='bbox 877 4030 1020 4100; x_wconf 88' lang='lat' dir='ltr'><strong>secundis,</strong></span> <span class='ocrx_word' id='word_1_284' title='bbox 1119 4051 1122 4058; x_wconf 66' lang='lat'><strong><em>¹</em></strong></span> 
     </span>
     <span class='ocr_line' id='line_1_38' title="bbox 291 4112 1025 4187; baseline -0.005 -18"><span class='ocrx_word' id='word_1_285' title='bbox 291 4113 514 4187; x_wconf 86' lang='lat' dir='ltr'><strong>Fecundumque</strong></span> <span class='ocrx_word' id='word_1_286' title='bbox 530 4115 623 4170; x_wconf 94' lang='lat' dir='ltr'><strong>solum</strong></span> <span class='ocrx_word' id='word_1_287' title='bbox 638 4113 731 4170; x_wconf 83' lang='lat' dir='ltr'><strong>varies</strong></span> <span class='ocrx_word' id='word_1_288' title='bbox 746 4112 856 4187; x_wconf 87' lang='lat' dir='ltr'><strong>agitare</strong></span> <span class='ocrx_word' id='word_1_289' title='bbox 871 4128 923 4185; x_wconf 90' lang='lat' dir='ltr'><strong>per</strong></span> <span class='ocrx_word' id='word_1_290' title='bbox 938 4113 1025 4178; x_wconf 85' lang='lat' dir='ltr'><strong>artes,</strong></span> 
     </span>
    </p>
   </div>
   <div class='ocr_carea' id='block_1_9' title="bbox 180 4278 680 4413">
    <p class='ocr_par' dir='ltr' id='par_1_11' title="bbox 180 4278 680 4413">
     <span class='ocr_line' id='line_1_39' title="bbox 180 4278 680 4342; baseline 0.012 -15"><span class='ocrx_word' id='word_1_291' title='bbox 180 4278 203 4327; x_wconf 84' lang='lat' dir='ltr'><strong>l.</strong></span> <span class='ocrx_word' id='word_1_292' title='bbox 218 4279 306 4342; x_wconf 73' lang='lat' dir='ltr'><strong>Lucu,</strong></span> <span class='ocrx_word' id='word_1_293' title='bbox 321 4280 354 4331; x_wconf 87' lang='lat' dir='ltr'><strong>de</strong></span> <span class='ocrx_word' id='word_1_294' title='bbox 370 4282 433 4331; x_wconf 86' lang='lat' dir='ltr'><strong>Nat.</strong></span> <span class='ocrx_word' id='word_1_295' title='bbox 450 4296 513 4341; x_wconf 69' lang='lat' dir='ltr'><strong>rer„</strong></span> <span class='ocrx_word' id='word_1_296' title='bbox 528 4282 548 4342; x_wconf 85' lang='lat'><strong>1,</strong></span> <span class='ocrx_word' id='word_1_297' title='bbox 565 4281 680 4333; x_wconf 68' lang='lat' dir='ltr'><strong>ale-927.</strong></span> 
     </span>
     <span class='ocr_line' id='line_1_40' title="bbox 180 4347 451 4413; baseline 0.033 -18"><span class='ocrx_word' id='word_1_298' title='bbox 180 4348 204 4395; x_wconf 82' lang='lat'><strong>2.</strong></span> <span class='ocrx_word' id='word_1_299' title='bbox 219 4347 336 4408; x_wconf 70' lang='lat' dir='ltr'><strong>Astron„</strong></span> <span class='ocrx_word' id='word_1_300' title='bbox 349 4350 380 4413; x_wconf 87' lang='lat' dir='ltr'><strong>V,</strong></span> <span class='ocrx_word' id='word_1_301' title='bbox 395 4355 451 4404; x_wconf 76' lang='lat' dir='ltr'><strong>cel.</strong></span> 
     </span>
    </p>
   </div>
   <div class='ocr_carea' id='block_1_10' title="bbox 0 0 1598 5125">
    <p class='ocr_par' dir='ltr' id='par_1_12' title="bbox 0 0 1598 5125">
     <span class='ocr_line' id='line_1_41' title="bbox 0 0 1598 5125; baseline 0 0"><span class='ocrx_word' id='word_1_302' title='bbox 0 0 1598 5125; x_wconf 95' lang='lat' dir='ltr'><strong> </strong></span> 
     </span>
    </p>
   </div>
  </div>
 </body>
</html>
