<?xml version="1.0" encoding="UTF-8"?>
<!DOCTYPE html PUBLIC "-//W3C//DTD XHTML 1.0 Transitional//EN"
    "http://www.w3.org/TR/xhtml1/DTD/xhtml1-transitional.dtd">
<html xmlns="http://www.w3.org/1999/xhtml" xml:lang="en" lang="en">
 <head>
  <title>
</title>
<meta http-equiv="Content-Type" content="text/html;charset=utf-8" />
  <meta name='ocr-system' content='tesseract 3.04.00' />
  <meta name='ocr-capabilities' content='ocr_page ocr_carea ocr_par ocr_line ocrx_word'/>
</head>
<body>
  <div class='ocr_page' id='page_1' title='image "./demaniliopoetae01lansgoog_0075.png"; bbox 0 0 3184 5125; ppageno 0'>
   <div class='ocr_carea' id='block_1_1' title="bbox 646 452 808 518">
    <p class='ocr_par' dir='ltr' id='par_1_1' title="bbox 646 452 808 518">
     <span class='ocr_line' id='line_1_1' title="bbox 646 452 808 518; baseline 0 -18"><span class='ocrx_word' id='word_1_1' title='bbox 646 452 808 518; x_wconf 65' lang='lat'>..51-</span> 
     </span>
    </p>
   </div>
   <div class='ocr_carea' id='block_1_2' title="bbox 157 585 1289 966">
    <p class='ocr_par' dir='ltr' id='par_1_2' title="bbox 157 585 1289 966">
     <span class='ocr_line' id='line_1_2' title="bbox 158 585 1288 667; baseline 0.005 -17"><span class='ocrx_word' id='word_1_2' title='bbox 158 589 192 650; x_wconf 89' lang='lat' dir='ltr'><strong>in</strong></span> <span class='ocrx_word' id='word_1_3' title='bbox 206 608 243 650; x_wconf 90' lang='lat' dir='ltr'><strong>eo</strong></span> <span class='ocrx_word' id='word_1_4' title='bbox 259 591 437 660; x_wconf 87' lang='lat' dir='ltr'><strong>morantur,</strong></span> <span class='ocrx_word' id='word_1_5' title='bbox 455 585 489 646; x_wconf 93' lang='lat' dir='ltr'><strong>id</strong></span> <span class='ocrx_word' id='word_1_6' title='bbox 501 585 632 649; x_wconf 88' lang='lat' dir='ltr'>subinde</span> <span class='ocrx_word' id='word_1_7' title='bbox 644 586 778 667; x_wconf 88' lang='lat' dir='ltr'><strong>jactant,</strong></span> <span class='ocrx_word' id='word_1_8' title='bbox 794 590 883 651; x_wconf 91' lang='lat' dir='ltr'><strong>omni</strong></span> <span class='ocrx_word' id='word_1_9' title='bbox 902 591 998 653; x_wconf 93' lang='lat' dir='ltr'><strong>modo</strong></span> <span class='ocrx_word' id='word_1_10' title='bbox 1013 599 1151 667; x_wconf 80' lang='lat' dir='ltr'><strong>versant,</strong></span> <span class='ocrx_word' id='word_1_11' title='bbox 1166 600 1199 655; x_wconf 90' lang='lat' dir='ltr'><strong>et</strong></span> <span class='ocrx_word' id='word_1_12' title='bbox 1218 614 1288 656; x_wconf 89' lang='lat' dir='ltr'><strong>orn-</strong></span> 
     </span>
     <span class='ocr_line' id='line_1_3' title="bbox 158 684 1287 771; baseline 0.004 -23"><span class='ocrx_word' id='word_1_13' title='bbox 158 705 230 749; x_wconf 92' lang='lat' dir='ltr'><strong>uem</strong></span> <span class='ocrx_word' id='word_1_14' title='bbox 246 686 281 745; x_wconf 90' lang='lat' dir='ltr'><strong>in</strong></span> <span class='ocrx_word' id='word_1_15' title='bbox 296 705 333 747; x_wconf 93' lang='lat' dir='ltr'><strong>eo</strong></span> <span class='ocrx_word' id='word_1_16' title='bbox 348 685 421 746; x_wconf 81' lang='lat' dir='ltr'><strong>vitas</strong></span> <span class='ocrx_word' id='word_1_17' title='bbox 438 684 593 746; x_wconf 89' lang='lat' dir='ltr'><strong>rationem</strong></span> <span class='ocrx_word' id='word_1_18' title='bbox 608 685 766 748; x_wconf 89' lang='lat' dir='ltr'><strong>fundant:</strong></span> <span class='ocrx_word' id='word_1_19' title='bbox 783 688 856 748; x_wconf 90' lang='lat' dir='ltr'><strong>inde</strong></span> <span class='ocrx_word' id='word_1_20' title='bbox 873 708 1000 750; x_wconf 88' lang='lat' dir='ltr'><strong>omnem</strong></span> <span class='ocrx_word' id='word_1_21' title='bbox 1017 690 1115 752; x_wconf 90' lang='lat' dir='ltr'><strong>animi</strong></span> <span class='ocrx_word' id='word_1_22' title='bbox 1130 691 1287 771; x_wconf 83' lang='lat' dir='ltr'><strong>guberna-</strong></span> 
     </span>
     <span class='ocr_line' id='line_1_4' title="bbox 159 783 1288 862; baseline 0.004 -16"><span class='ocrx_word' id='word_1_23' title='bbox 159 787 277 846; x_wconf 78' lang='lat' dir='ltr'><strong>tionem</strong></span> <span class='ocrx_word' id='word_1_24' title='bbox 293 783 473 845; x_wconf 89' lang='lat' dir='ltr'><strong>instituunt.</strong></span> <span class='ocrx_word' id='word_1_25' title='bbox 486 784 566 855; x_wconf 79' lang='lat' dir='ltr'><strong>Ouid</strong></span> <span class='ocrx_word' id='word_1_26' title='bbox 588 803 661 846; x_wconf 89' lang='lat' dir='ltr'><strong>vero</strong></span> <span class='ocrx_word' id='word_1_27' title='bbox 680 785 740 845; x_wconf 86' lang='lat' dir='ltr'>sibi</span> <span class='ocrx_word' id='word_1_28' title='bbox 753 788 881 862; x_wconf 76' lang='lat' dir='ltr'><strong>uolunt,</strong></span> <span class='ocrx_word' id='word_1_29' title='bbox 904 789 1035 850; x_wconf 87' lang='lat' dir='ltr'><strong>ferenda</strong></span> <span class='ocrx_word' id='word_1_30' title='bbox 1051 808 1118 850; x_wconf 89' lang='lat' dir='ltr'><strong>esse</strong></span> <span class='ocrx_word' id='word_1_31' title='bbox 1138 790 1288 852; x_wconf 71' lang='lat' dir='ltr'>iterantes</span> 
     </span>
     <span class='ocr_line' id='line_1_5' title="bbox 157 881 1289 966; baseline 0.005 -22"><span class='ocrx_word' id='word_1_32' title='bbox 157 903 228 964; x_wconf 87' lang='lat' dir='ltr'><strong>quse</strong></span> <span class='ocrx_word' id='word_1_33' title='bbox 244 885 313 943; x_wconf 86' lang='lat' dir='ltr'><strong>iata</strong></span> <span class='ocrx_word' id='word_1_34' title='bbox 330 881 508 942; x_wconf 79' lang='lat' dir='ltr'>adduxere?</span> <span class='ocrx_word' id='word_1_35' title='bbox 519 884 583 942; x_wconf 90' lang='lat' dir='ltr'><strong>Ista</strong></span> <span class='ocrx_word' id='word_1_36' title='bbox 595 883 713 944; x_wconf 86' lang='lat' dir='ltr'><strong>scilieet</strong></span> <span class='ocrx_word' id='word_1_37' title='bbox 729 903 825 964; x_wconf 91' lang='lat' dir='ltr'><strong>quam</strong></span> <span class='ocrx_word' id='word_1_38' title='bbox 842 885 951 946; x_wconf 90' lang='lat' dir='ltr'><strong>dicunt</strong></span> <span class='ocrx_word' id='word_1_39' title='bbox 963 886 1161 966; x_wconf 88' lang='lat' dir='ltr'><strong>patientiam,</strong></span> <span class='ocrx_word' id='word_1_40' title='bbox 1179 907 1289 950; x_wconf 89' lang='lat' dir='ltr'><strong>revera</strong></span> 
     </span>
    </p>
   </div>
   <div class='ocr_carea' id='block_1_3' title="bbox 156 980 1372 1061">
    <p class='ocr_par' dir='ltr' id='par_1_3' title="bbox 156 980 1372 1061">
     <span class='ocr_line' id='line_1_6' title="bbox 156 980 1372 1061; baseline 0.002 -18"><span class='ocrx_word' id='word_1_41' title='bbox 156 982 230 1043; x_wconf 88' lang='lat' dir='ltr'><strong>satis</strong></span> <span class='ocrx_word' id='word_1_42' title='bbox 245 981 370 1042; x_wconf 89' lang='lat' dir='ltr'><strong>obstat:</strong></span> <span class='ocrx_word' id='word_1_43' title='bbox 384 999 441 1040; x_wconf 88' lang='lat' dir='ltr'><strong>uec</strong></span> <span class='ocrx_word' id='word_1_44' title='bbox 453 986 518 1041; x_wconf 90' lang='lat' dir='ltr'><strong>tam</strong></span> <span class='ocrx_word' id='word_1_45' title='bbox 532 980 638 1040; x_wconf 88' lang='lat' dir='ltr'><strong>ferunt</strong></span> <span class='ocrx_word' id='word_1_46' title='bbox 652 999 748 1061; x_wconf 90' lang='lat' dir='ltr'><strong>quam</strong></span> <span class='ocrx_word' id='word_1_47' title='bbox 763 983 893 1044; x_wconf 82' lang='lat' dir='ltr'><strong>terendo</strong></span> <span class='ocrx_word' id='word_1_48' title='bbox 909 983 1039 1045; x_wconf 91' lang='lat' dir='ltr'><strong>vincunt</strong></span> <span class='ocrx_word' id='word_1_49' title='bbox 1052 986 1130 1048; x_wconf 85' lang='lat' dir='ltr'><strong>fata.</strong></span> <span class='ocrx_word' id='word_1_50' title='bbox 1141 987 1190 1046; x_wconf 92' lang='lat' dir='ltr'><strong>lta</strong></span> <span class='ocrx_word' id='word_1_51' title='bbox 1203 987 1287 1047; x_wconf 92' lang='lat' dir='ltr'><strong>enim</strong></span> <span class='ocrx_word' id='word_1_52' title='bbox 1367 1015 1372 1036; x_wconf 85' lang='lat'><strong>·</strong></span> 
     </span>
    </p>
   </div>
   <div class='ocr_carea' id='block_1_4' title="bbox 155 1077 1289 2036">
    <p class='ocr_par' dir='ltr' id='par_1_4' title="bbox 155 1077 1289 2036">
     <span class='ocr_line' id='line_1_7' title="bbox 155 1077 1287 1162; baseline 0.004 -22"><span class='ocrx_word' id='word_1_53' title='bbox 155 1078 261 1140; x_wconf 89' lang='lat' dir='ltr'><strong>claudi</strong></span> <span class='ocrx_word' id='word_1_54' title='bbox 285 1085 317 1138; x_wconf 93' lang='lat' dir='ltr'><strong>et</strong></span> <span class='ocrx_word' id='word_1_55' title='bbox 334 1077 447 1138; x_wconf 87' lang='lat' dir='ltr'><strong>vallari</strong></span> <span class='ocrx_word' id='word_1_56' title='bbox 469 1077 609 1138; x_wconf 88' lang='lat' dir='ltr'><strong>animum</strong></span> <span class='ocrx_word' id='word_1_57' title='bbox 631 1078 742 1139; x_wconf 91' lang='lat' dir='ltr'><strong>volunt</strong></span> <span class='ocrx_word' id='word_1_58' title='bbox 763 1079 913 1141; x_wconf 86' lang='lat' dir='ltr'><strong>adversus</strong></span> <span class='ocrx_word' id='word_1_59' title='bbox 938 1088 1080 1162; x_wconf 84' lang='lat' dir='ltr'><strong>externa,</strong></span> <span class='ocrx_word' id='word_1_60' title='bbox 1104 1089 1139 1144; x_wconf 93' lang='lat' dir='ltr'><strong>ut</strong></span> <span class='ocrx_word' id='word_1_61' title='bbox 1165 1083 1287 1145; x_wconf 89' lang='lat' dir='ltr'><strong>aditum</strong></span> 
     </span>
     <span class='ocr_line' id='line_1_8' title="bbox 156 1174 1289 1259; baseline 0.005 -21"><span class='ocrx_word' id='word_1_62' title='bbox 156 1176 283 1238; x_wconf 90' lang='lat' dir='ltr'><strong>nullum</strong></span> <span class='ocrx_word' id='word_1_63' title='bbox 308 1176 348 1236; x_wconf 93' lang='lat' dir='ltr'><strong>ad</strong></span> <span class='ocrx_word' id='word_1_64' title='bbox 375 1194 446 1235; x_wconf 93' lang='lat' dir='ltr'><strong>eum</strong></span> <span class='ocrx_word' id='word_1_65' title='bbox 473 1174 623 1251; x_wconf 81' lang='lat' dir='ltr'><strong>habeant,</strong></span> <span class='ocrx_word' id='word_1_66' title='bbox 644 1176 859 1256; x_wconf 75' lang='lat' dir='ltr'><strong>patientiaque</strong></span> <span class='ocrx_word' id='word_1_67' title='bbox 883 1179 970 1241; x_wconf 83' lang='lat' dir='ltr'><strong>velut</strong></span> <span class='ocrx_word' id='word_1_68' title='bbox 999 1179 1110 1259; x_wconf 88' lang='lat' dir='ltr'><strong>clypeo</strong></span> <span class='ocrx_word' id='word_1_69' title='bbox 1138 1180 1289 1244; x_wconf 89' lang='lat' dir='ltr'><strong>hebetata</strong></span> 
     </span>
     <span class='ocr_line' id='line_1_9' title="bbox 156 1274 1287 1355; baseline 0.006 -21"><span class='ocrx_word' id='word_1_70' title='bbox 156 1274 324 1348; x_wconf 88' lang='lat' dir='ltr'><strong>resultent,</strong></span> <span class='ocrx_word' id='word_1_71' title='bbox 355 1291 464 1352; x_wconf 83' lang='lat' dir='ltr'><strong>aequus</strong></span> <span class='ocrx_word' id='word_1_72' title='bbox 492 1279 597 1334; x_wconf 91' lang='lat' dir='ltr'><strong>autem</strong></span> <span class='ocrx_word' id='word_1_73' title='bbox 630 1275 696 1355; x_wconf 89' lang='lat' dir='ltr'><strong>ipse</strong></span> <span class='ocrx_word' id='word_1_74' title='bbox 726 1281 820 1355; x_wconf 89' lang='lat' dir='ltr'><strong>atque</strong></span> <span class='ocrx_word' id='word_1_75' title='bbox 854 1276 1032 1337; x_wconf 85' lang='lat' dir='ltr'><strong>inturbidus</strong></span> <span class='ocrx_word' id='word_1_76' title='bbox 1061 1296 1099 1338; x_wconf 90' lang='lat' dir='ltr'><strong>ne</strong></span> <span class='ocrx_word' id='word_1_77' title='bbox 1129 1277 1287 1341; x_wconf 88' lang='lat' dir='ltr'><strong>levissimo</strong></span> 
     </span>
     <span class='ocr_line' id='line_1_10' title="bbox 156 1371 1287 1455; baseline 0.003 -22"><span class='ocrx_word' id='word_1_78' title='bbox 156 1373 288 1452; x_wconf 89' lang='lat' dir='ltr'><strong>quidem</strong></span> <span class='ocrx_word' id='word_1_79' title='bbox 303 1377 391 1432; x_wconf 90' lang='lat' dir='ltr'><strong>motu</strong></span> <span class='ocrx_word' id='word_1_80' title='bbox 409 1371 564 1431; x_wconf 87' lang='lat' dir='ltr'><strong>afficiatur</strong></span> <span class='ocrx_word' id='word_1_81' title='bbox 581 1390 588 1432; x_wconf 91' lang='lat'>:</span> <span class='ocrx_word' id='word_1_82' title='bbox 605 1391 714 1432; x_wconf 91' lang='lat' dir='ltr'><strong>omnes</strong></span> <span class='ocrx_word' id='word_1_83' title='bbox 736 1372 908 1434; x_wconf 87' lang='lat' dir='ltr'><strong>admodum</strong></span> <span class='ocrx_word' id='word_1_84' title='bbox 933 1374 1097 1454; x_wconf 88' lang='lat' dir='ltr'><strong>cupidines</strong></span> <span class='ocrx_word' id='word_1_85' title='bbox 1112 1381 1144 1436; x_wconf 89' lang='lat' dir='ltr'><strong>et</strong></span> <span class='ocrx_word' id='word_1_86' title='bbox 1163 1382 1287 1455; x_wconf 90' lang='lat' dir='ltr'><strong>pertur-</strong></span> 
     </span>
     <span class='ocr_line' id='line_1_11' title="bbox 155 1471 1286 1550; baseline 0.004 -19"><span class='ocrx_word' id='word_1_87' title='bbox 155 1471 303 1532; x_wconf 90' lang='lat' dir='ltr'><strong>bationes</strong></span> <span class='ocrx_word' id='word_1_88' title='bbox 319 1488 389 1549; x_wconf 90' lang='lat' dir='ltr'><strong>quae</strong></span> <span class='ocrx_word' id='word_1_89' title='bbox 409 1474 611 1530; x_wconf 85' lang='lat' dir='ltr'><strong>externorum</strong></span> <span class='ocrx_word' id='word_1_90' title='bbox 631 1489 737 1548; x_wconf 84' lang='lat' dir='ltr'><strong>causa,</strong></span> <span class='ocrx_word' id='word_1_91' title='bbox 754 1490 809 1550; x_wconf 91' lang='lat' dir='ltr'><strong>spe</strong></span> <span class='ocrx_word' id='word_1_92' title='bbox 829 1473 1008 1532; x_wconf 89' lang='lat' dir='ltr'><strong>futurorum</strong></span> <span class='ocrx_word' id='word_1_93' title='bbox 1027 1478 1082 1532; x_wconf 91' lang='lat' dir='ltr'><strong>aut</strong></span> <span class='ocrx_word' id='word_1_94' title='bbox 1097 1479 1286 1535; x_wconf 89' lang='lat' dir='ltr'><strong>eventorum</strong></span> 
     </span>
     <span class='ocr_line' id='line_1_12' title="bbox 155 1567 1288 1649; baseline 0.003 -20"><span class='ocrx_word' id='word_1_95' title='bbox 155 1588 252 1629; x_wconf 90' lang='lat' dir='ltr'><strong>sensu</strong></span> <span class='ocrx_word' id='word_1_96' title='bbox 281 1567 483 1646; x_wconf 84' lang='lat' dir='ltr'><strong>excitantur,</strong></span> <span class='ocrx_word' id='word_1_97' title='bbox 513 1567 662 1629; x_wconf 90' lang='lat' dir='ltr'><strong>sedentur</strong></span> <span class='ocrx_word' id='word_1_98' title='bbox 689 1574 783 1649; x_wconf 92' lang='lat' dir='ltr'><strong>atque</strong></span> <span class='ocrx_word' id='word_1_99' title='bbox 810 1569 1062 1649; x_wconf 82' lang='lat' dir='ltr'><strong>exstinguantur.</strong></span> <span class='ocrx_word' id='word_1_100' title='bbox 1092 1573 1162 1631; x_wconf 94' lang='lat' dir='ltr'><strong>Non</strong></span> <span class='ocrx_word' id='word_1_101' title='bbox 1190 1570 1288 1649; x_wconf 83' lang='lat' dir='ltr'><strong>igitur</strong></span> 
     </span>
     <span class='ocr_line' id='line_1_13' title="bbox 156 1664 1286 1744; baseline 0.004 -17"><span class='ocrx_word' id='word_1_102' title='bbox 156 1665 269 1727; x_wconf 80' lang='lat' dir='ltr'><strong>fatalia</strong></span> <span class='ocrx_word' id='word_1_103' title='bbox 287 1664 370 1725; x_wconf 91' lang='lat' dir='ltr'><strong>ferre</strong></span> <span class='ocrx_word' id='word_1_104' title='bbox 389 1664 575 1744; x_wconf 79' lang='lat' dir='ltr'><strong>sapientem,</strong></span> <span class='ocrx_word' id='word_1_105' title='bbox 601 1671 635 1724; x_wconf 90' lang='lat' dir='ltr'><strong>ut</strong></span> <span class='ocrx_word' id='word_1_106' title='bbox 654 1684 762 1726; x_wconf 86' lang='lat' dir='ltr'><strong>servus</strong></span> <span class='ocrx_word' id='word_1_107' title='bbox 782 1667 968 1728; x_wconf 88' lang='lat' dir='ltr'><strong>servitutem</strong></span> <span class='ocrx_word' id='word_1_108' title='bbox 986 1667 1056 1743; x_wconf 82' lang='lat' dir='ltr'><strong>fert,</strong></span> <span class='ocrx_word' id='word_1_109' title='bbox 1074 1667 1229 1729; x_wconf 89' lang='lat' dir='ltr'><strong>flectendo</strong></span> <span class='ocrx_word' id='word_1_110' title='bbox 1249 1687 1286 1732; x_wconf 87' lang='lat' dir='ltr'><strong>ac</strong></span> 
     </span>
     <span class='ocr_line' id='line_1_14' title="bbox 157 1762 1285 1846; baseline 0.004 -22"><span class='ocrx_word' id='word_1_111' title='bbox 157 1783 189 1824; x_wconf 87' lang='lat' dir='ltr'><strong>se</strong></span> <span class='ocrx_word' id='word_1_112' title='bbox 217 1762 437 1842; x_wconf 90' lang='lat' dir='ltr'><strong>deprimendo,</strong></span> <span class='ocrx_word' id='word_1_113' title='bbox 454 1763 509 1824; x_wconf 92' lang='lat' dir='ltr'><strong>sed</strong></span> <span class='ocrx_word' id='word_1_114' title='bbox 531 1768 566 1822; x_wconf 88' lang='lat' dir='ltr'><strong>ut</strong></span> <span class='ocrx_word' id='word_1_115' title='bbox 592 1762 681 1824; x_wconf 90' lang='lat' dir='ltr'><strong>miles</strong></span> <span class='ocrx_word' id='word_1_116' title='bbox 705 1764 796 1842; x_wconf 85' lang='lat' dir='ltr'><strong>ictus,</strong></span> <span class='ocrx_word' id='word_1_117' title='bbox 813 1765 994 1825; x_wconf 91' lang='lat' dir='ltr'><strong>obsistendo</strong></span> <span class='ocrx_word' id='word_1_118' title='bbox 1023 1770 1135 1826; x_wconf 88' lang='lat' dir='ltr'><strong>eontra</strong></span> <span class='ocrx_word' id='word_1_119' title='bbox 1158 1765 1285 1846; x_wconf 85' lang='lat' dir='ltr'><strong>vimque</strong></span> 
     </span>
     <span class='ocr_line' id='line_1_15' title="bbox 156 1860 1285 1938; baseline 0.004 -17"><span class='ocrx_word' id='word_1_120' title='bbox 156 1866 260 1922; x_wconf 87' lang='lat' dir='ltr'><strong>totam</strong></span> <span class='ocrx_word' id='word_1_121' title='bbox 280 1860 455 1921; x_wconf 93' lang='lat' dir='ltr'><strong>intendens.</strong></span> <span class='ocrx_word' id='word_1_122' title='bbox 471 1861 509 1920; x_wconf 81' lang='lat' dir='ltr'><strong>ut</strong></span> <span class='ocrx_word' id='word_1_123' title='bbox 526 1860 595 1938; x_wconf 91' lang='lat' dir='ltr'><strong>quis</strong></span> <span class='ocrx_word' id='word_1_124' title='bbox 610 1861 717 1922; x_wconf 87' lang='lat' dir='ltr'><strong>credat</strong></span> <span class='ocrx_word' id='word_1_125' title='bbox 735 1868 858 1922; x_wconf 89' lang='lat' dir='ltr'><strong>tantam</strong></span> <span class='ocrx_word' id='word_1_126' title='bbox 874 1882 941 1923; x_wconf 89' lang='lat' dir='ltr'><strong>rem</strong></span> <span class='ocrx_word' id='word_1_127' title='bbox 956 1863 997 1923; x_wconf 87' lang='lat' dir='ltr'><strong>ab</strong></span> <span class='ocrx_word' id='word_1_128' title='bbox 1012 1862 1078 1924; x_wconf 92' lang='lat' dir='ltr'><strong>ullo</strong></span> <span class='ocrx_word' id='word_1_129' title='bbox 1097 1881 1169 1923; x_wconf 89' lang='lat' dir='ltr'><strong>vere</strong></span> <span class='ocrx_word' id='word_1_130' title='bbox 1186 1863 1285 1926; x_wconf 89' lang='lat' dir='ltr'><strong>stoico</strong></span> 
     </span>
     <span class='ocr_line' id='line_1_16' title="bbox 156 1957 963 2036; baseline 0.002 -17"><span class='ocrx_word' id='word_1_131' title='bbox 156 1964 225 2020; x_wconf 87' lang='lat' dir='ltr'><strong>tam</strong></span> <span class='ocrx_word' id='word_1_132' title='bbox 240 1957 375 2022; x_wconf 86' lang='lat' dir='ltr'><strong>breviat</strong></span> <span class='ocrx_word' id='word_1_133' title='bbox 389 1957 504 2036; x_wconf 81' lang='lat' dir='ltr'><strong>frigida</strong></span> <span class='ocrx_word' id='word_1_134' title='bbox 518 1959 673 2020; x_wconf 86' lang='lat' dir='ltr'><strong>sententia</strong></span> <span class='ocrx_word' id='word_1_135' title='bbox 686 1978 777 2036; x_wconf 91' lang='lat' dir='ltr'><strong>posse</strong></span> <span class='ocrx_word' id='word_1_136' title='bbox 792 1959 940 2020; x_wconf 89' lang='lat' dir='ltr'><strong>concludi</strong></span> <span class='ocrx_word' id='word_1_137' title='bbox 955 1978 963 2021; x_wconf 77' lang='grc' dir='ltr'>ε</span> 
     </span>
    </p>
   </div>
   <div class='ocr_carea' id='block_1_5' title="bbox 428 2115 879 2188">
    <p class='ocr_par' dir='ltr' id='par_1_5' title="bbox 428 2115 879 2188">
     <span class='ocr_line' id='line_1_17' title="bbox 428 2115 879 2188; baseline 0 -16"><span class='ocrx_word' id='word_1_138' title='bbox 428 2115 495 2172; x_wconf 90' lang='lat' dir='ltr'><strong>Sors</strong></span> <span class='ocrx_word' id='word_1_139' title='bbox 508 2119 552 2172; x_wconf 86' lang='lat' dir='ltr'><strong>est</strong></span> <span class='ocrx_word' id='word_1_140' title='bbox 567 2134 620 2172; x_wconf 91' lang='lat' dir='ltr'><strong>sua</strong></span> <span class='ocrx_word' id='word_1_141' title='bbox 635 2117 734 2188; x_wconf 85' lang='lat' dir='ltr'><strong>cuique</strong></span> <span class='ocrx_word' id='word_1_142' title='bbox 749 2115 879 2187; x_wconf 89' lang='lat' dir='ltr'><strong>ferenda,</strong></span> 
     </span>
    </p>
   </div>
   <div class='ocr_carea' id='block_1_6' title="bbox 157 2290 1286 2573">
    <p class='ocr_par' dir='ltr' id='par_1_6' title="bbox 157 2290 1286 2573">
     <span class='ocr_line' id='line_1_18' title="bbox 157 2290 1286 2375; baseline -0.004 -19"><span class='ocrx_word' id='word_1_143' title='bbox 157 2301 195 2356; x_wconf 92' lang='lat' dir='ltr'><strong>ut</strong></span> <span class='ocrx_word' id='word_1_144' title='bbox 216 2293 291 2356; x_wconf 91' lang='lat' dir='ltr'><strong>inde</strong></span> <span class='ocrx_word' id='word_1_145' title='bbox 309 2313 411 2375; x_wconf 89' lang='lat' dir='ltr'><strong>neque</strong></span> <span class='ocrx_word' id='word_1_146' title='bbox 428 2295 529 2355; x_wconf 91' lang='lat' dir='ltr'><strong>ullum</strong></span> <span class='ocrx_word' id='word_1_147' title='bbox 552 2295 677 2354; x_wconf 88' lang='lat' dir='ltr'><strong>initium</strong></span> <span class='ocrx_word' id='word_1_148' title='bbox 696 2301 801 2354; x_wconf 91' lang='lat' dir='ltr'><strong>sumat</strong></span> <span class='ocrx_word' id='word_1_149' title='bbox 820 2293 859 2354; x_wconf 91' lang='lat' dir='ltr'><strong>ad</strong></span> <span class='ocrx_word' id='word_1_150' title='bbox 884 2291 1078 2353; x_wconf 86' lang='lat' dir='ltr'><strong>suadendam</strong></span> <span class='ocrx_word' id='word_1_151' title='bbox 1104 2290 1286 2371; x_wconf 84' lang='lat' dir='ltr'><strong>aequitatem</strong></span> 
     </span>
     <span class='ocr_line' id='line_1_19' title="bbox 157 2391 1286 2472; baseline -0.002 -20"><span class='ocrx_word' id='word_1_152' title='bbox 157 2393 247 2453; x_wconf 85' lang='lat' dir='ltr'><strong>illam</strong></span> <span class='ocrx_word' id='word_1_153' title='bbox 269 2393 366 2453; x_wconf 91' lang='lat' dir='ltr'><strong>animi</strong></span> <span class='ocrx_word' id='word_1_154' title='bbox 387 2412 423 2453; x_wconf 87' lang='lat' dir='ltr'><strong>aa</strong></span> <span class='ocrx_word' id='word_1_155' title='bbox 441 2393 642 2454; x_wconf 85' lang='lat' dir='ltr'><strong>serenitatem</strong></span> <span class='ocrx_word' id='word_1_156' title='bbox 657 2411 758 2472; x_wconf 92' lang='lat' dir='ltr'><strong>neque</strong></span> <span class='ocrx_word' id='word_1_157' title='bbox 771 2391 810 2452; x_wconf 94' lang='lat' dir='ltr'><strong>de</strong></span> <span class='ocrx_word' id='word_1_158' title='bbox 828 2391 996 2468; x_wconf 88' lang='lat' dir='ltr'><strong>illaquam</strong></span> <span class='ocrx_word' id='word_1_159' title='bbox 1013 2391 1105 2452; x_wconf 88' lang='lat' dir='ltr'><strong>toties</strong></span> <span class='ocrx_word' id='word_1_160' title='bbox 1123 2408 1286 2452; x_wconf 90' lang='lat' dir='ltr'><strong>commen·</strong></span> 
     </span>
     <span class='ocr_line' id='line_1_20' title="bbox 158 2487 1286 2573; baseline -0.004 -22"><span class='ocrx_word' id='word_1_161' title='bbox 158 2491 316 2552; x_wconf 87' lang='lat' dir='ltr'><strong>daverunt</strong></span> <span class='ocrx_word' id='word_1_162' title='bbox 339 2493 472 2553; x_wconf 89' lang='lat' dir='ltr'><strong>Zenonis</strong></span> <span class='ocrx_word' id='word_1_163' title='bbox 493 2490 637 2571; x_wconf 84' lang='lat' dir='ltr'><strong>discipuli</strong></span> <span class='ocrx_word' id='word_1_164' title='bbox 660 2489 804 2573; x_wconf 77' lang='grc' dir='ltr'>ἀταραξίαν</span> <span class='ocrx_word' id='word_1_165' title='bbox 823 2496 854 2550; x_wconf 86' lang='lat' dir='ltr'><strong>ct</strong></span> <span class='ocrx_word' id='word_1_166' title='bbox 876 2493 1017 2563; x_wconf 77' lang='grc' dir='ltr'>ἀπαθεῒαν,</span> <span class='ocrx_word' id='word_1_167' title='bbox 1037 2489 1169 2549; x_wconf 89' lang='lat' dir='ltr'><strong>verbum</strong></span> <span class='ocrx_word' id='word_1_168' title='bbox 1186 2487 1286 2547; x_wconf 91' lang='lat' dir='ltr'><strong>ullum</strong></span> 
     </span>
    </p>
   </div>
   <div class='ocr_carea' id='block_1_7' title="bbox 157 2589 1289 3549">
    <p class='ocr_par' dir='ltr' id='par_1_7' title="bbox 159 2589 266 2651">
     <span class='ocr_line' id='line_1_21' title="bbox 159 2589 266 2651; baseline -0.009 -1"><span class='ocrx_word' id='word_1_169' title='bbox 159 2589 266 2651; x_wconf 83' lang='lat' dir='ltr'><strong>iaciat.</strong></span> 
     </span>
    </p>

    <p class='ocr_par' dir='ltr' id='par_1_8' title="bbox 157 2684 1289 3549">
     <span class='ocr_line' id='line_1_22' title="bbox 198 2684 1286 2767; baseline -0.006 -18"><span class='ocrx_word' id='word_1_170' title='bbox 198 2687 280 2749; x_wconf 87' lang='lat' dir='ltr'>Illud</span> <span class='ocrx_word' id='word_1_171' title='bbox 309 2687 420 2749; x_wconf 88' lang='lat' dir='ltr'><strong>saltem</strong></span> <span class='ocrx_word' id='word_1_172' title='bbox 449 2694 516 2749; x_wconf 91' lang='lat' dir='ltr'><strong>erat</strong></span> <span class='ocrx_word' id='word_1_173' title='bbox 545 2688 791 2767; x_wconf 85' lang='lat' dir='ltr'><strong>exponendum,</strong></span> <span class='ocrx_word' id='word_1_174' title='bbox 822 2686 983 2766; x_wconf 91' lang='lat' dir='ltr'><strong>quomodo</strong></span> <span class='ocrx_word' id='word_1_175' title='bbox 1013 2686 1080 2745; x_wconf 88' lang='lat' dir='ltr'><strong>fata</strong></span> <span class='ocrx_word' id='word_1_176' title='bbox 1107 2684 1286 2744; x_wconf 90' lang='lat' dir='ltr'><strong>libertatem</strong></span> 
     </span>
     <span class='ocr_line' id='line_1_23' title="bbox 158 2784 1288 2866; baseline -0.005 -19"><span class='ocrx_word' id='word_1_177' title='bbox 158 2786 310 2865; x_wconf 89' lang='lat' dir='ltr'><strong>sapientis</strong></span> <span class='ocrx_word' id='word_1_178' title='bbox 333 2805 397 2847; x_wconf 91' lang='lat' dir='ltr'><strong>non</strong></span> <span class='ocrx_word' id='word_1_179' title='bbox 423 2787 649 2866; x_wconf 86' lang='lat' dir='ltr'><strong>opprimerent,</strong></span> <span class='ocrx_word' id='word_1_180' title='bbox 678 2785 773 2866; x_wconf 89' lang='lat' dir='ltr'><strong>utque</strong></span> <span class='ocrx_word' id='word_1_181' title='bbox 801 2785 926 2864; x_wconf 90' lang='lat' dir='ltr'><strong>sapiens</strong></span> <span class='ocrx_word' id='word_1_182' title='bbox 952 2784 1129 2843; x_wconf 89' lang='lat' dir='ltr'><strong>necessaria</strong></span> <span class='ocrx_word' id='word_1_183' title='bbox 1154 2800 1288 2844; x_wconf 86' lang='lat' dir='ltr'><strong>eonsen-</strong></span> 
     </span>
     <span class='ocr_line' id='line_1_24' title="bbox 158 2870 1287 2964; baseline -0.005 -19"><span class='ocrx_word' id='word_1_184' title='bbox 158 2884 267 2945; x_wconf 91' lang='lat' dir='ltr'><strong>tiendo</strong></span> <span class='ocrx_word' id='word_1_185' title='bbox 286 2884 320 2944; x_wconf 92' lang='lat' dir='ltr'><strong>in</strong></span> <span class='ocrx_word' id='word_1_186' title='bbox 339 2884 535 2945; x_wconf 87' lang='lat' dir='ltr'><strong>voluntatem</strong></span> <span class='ocrx_word' id='word_1_187' title='bbox 555 2890 762 2959; x_wconf 88' lang='lat' dir='ltr'><strong>converteret,</strong></span> <span class='ocrx_word' id='word_1_188' title='bbox 779 2902 879 2964; x_wconf 86' lang='lat' dir='ltr'><strong>eaque</strong></span> <span class='ocrx_word' id='word_1_189' title='bbox 899 2882 1007 2943; x_wconf 91' lang='lat' dir='ltr'><strong>omnia</strong></span> <span class='ocrx_word' id='word_1_190' title='bbox 1027 2901 1098 2961; x_wconf 85' lang='lat' dir='ltr'><strong>quae</strong></span> <span class='ocrx_word' id='word_1_191' title='bbox 1117 2880 1197 2941; x_wconf 86' lang='lat' dir='ltr'><strong>ratio</strong></span> <span class='ocrx_word' id='word_1_192' title='bbox 1218 2870 1287 2939; x_wconf 90' lang='lat' dir='ltr'><strong>uui·</strong></span> 
     </span>
     <span class='ocr_line' id='line_1_25' title="bbox 158 2978 1285 3063; baseline -0.004 -21"><span class='ocrx_word' id='word_1_193' title='bbox 158 3000 251 3042; x_wconf 89' lang='lat' dir='ltr'><strong>versa</strong></span> <span class='ocrx_word' id='word_1_194' title='bbox 270 2981 381 3042; x_wconf 88' lang='lat' dir='ltr'><strong>mundi</strong></span> <span class='ocrx_word' id='word_1_195' title='bbox 399 2983 503 3057; x_wconf 85' lang='lat' dir='ltr'><strong>ferret,</strong></span> <span class='ocrx_word' id='word_1_196' title='bbox 521 3002 578 3043; x_wconf 92' lang='lat' dir='ltr'><strong>sua</strong></span> <span class='ocrx_word' id='word_1_197' title='bbox 596 2982 692 3063; x_wconf 90' lang='lat' dir='ltr'><strong>ipsius</strong></span> <span class='ocrx_word' id='word_1_198' title='bbox 712 2982 833 3043; x_wconf 91' lang='lat' dir='ltr'><strong>ratione</strong></span> <span class='ocrx_word' id='word_1_199' title='bbox 854 2980 1000 3060; x_wconf 85' lang='lat' dir='ltr'><strong>eligendo</strong></span> <span class='ocrx_word' id='word_1_200' title='bbox 1021 2979 1080 3039; x_wconf 90' lang='lat' dir='ltr'><strong>sibi</strong></span> <span class='ocrx_word' id='word_1_201' title='bbox 1102 2978 1285 3040; x_wconf 86' lang='lat' dir='ltr'><strong>vindicaret.</strong></span> 
     </span>
     <span class='ocr_line' id='line_1_26' title="bbox 157 3074 1286 3159; baseline -0.005 -20"><span class='ocrx_word' id='word_1_202' title='bbox 157 3080 266 3159; x_wconf 92' lang='lat' dir='ltr'><strong>Neque</strong></span> <span class='ocrx_word' id='word_1_203' title='bbox 291 3080 437 3159; x_wconf 89' lang='lat' dir='ltr'><strong>equidem</strong></span> <span class='ocrx_word' id='word_1_204' title='bbox 461 3080 528 3141; x_wconf 83' lang='lat' dir='ltr'><strong>fieri</strong></span> <span class='ocrx_word' id='word_1_205' title='bbox 552 3100 642 3159; x_wconf 87' lang='lat' dir='ltr'><strong>posse</strong></span> <span class='ocrx_word' id='word_1_206' title='bbox 666 3080 814 3153; x_wconf 87' lang='lat' dir='ltr'><strong>arbitror,</strong></span> <span class='ocrx_word' id='word_1_207' title='bbox 836 3085 883 3152; x_wconf 87' lang='lat' dir='ltr'><strong>ut,</strong></span> <span class='ocrx_word' id='word_1_208' title='bbox 905 3079 931 3139; x_wconf 89' lang='lat' dir='ltr'><strong>si</strong></span> <span class='ocrx_word' id='word_1_209' title='bbox 955 3077 1050 3138; x_wconf 90' lang='lat' dir='ltr'><strong>modo</strong></span> <span class='ocrx_word' id='word_1_210' title='bbox 1074 3076 1190 3137; x_wconf 90' lang='lat' dir='ltr'><strong>stoicus</strong></span> <span class='ocrx_word' id='word_1_211' title='bbox 1214 3074 1286 3153; x_wconf 86' lang='lat' dir='ltr'><strong>fuit,</strong></span> 
     </span>
     <span class='ocr_line' id='line_1_27' title="bbox 158 3170 1288 3253; baseline -0.008 -15"><span class='ocrx_word' id='word_1_212' title='bbox 158 3176 306 3238; x_wconf 85' lang='lat' dir='ltr'><strong>Manilius</strong></span> <span class='ocrx_word' id='word_1_213' title='bbox 332 3195 398 3239; x_wconf 89' lang='lat' dir='ltr'><strong>non</strong></span> <span class='ocrx_word' id='word_1_214' title='bbox 425 3177 568 3239; x_wconf 87' lang='lat' dir='ltr'><strong>homines</strong></span> <span class='ocrx_word' id='word_1_215' title='bbox 595 3176 767 3253; x_wconf 82' lang='lat' dir='ltr'><strong>edocuerit,</strong></span> <span class='ocrx_word' id='word_1_216' title='bbox 799 3181 833 3235; x_wconf 94' lang='lat' dir='ltr'><strong>ut</strong></span> <span class='ocrx_word' id='word_1_217' title='bbox 859 3194 932 3234; x_wconf 87' lang='lat' dir='ltr'><strong>cum</strong></span> <span class='ocrx_word' id='word_1_218' title='bbox 959 3174 1053 3233; x_wconf 88' lang='lat' dir='ltr'><strong>astris</strong></span> <span class='ocrx_word' id='word_1_219' title='bbox 1079 3172 1177 3232; x_wconf 90' lang='lat' dir='ltr'><strong>velint</strong></span> <span class='ocrx_word' id='word_1_220' title='bbox 1204 3190 1211 3229; x_wconf 76' lang='grc' dir='ltr'>ε</span> <span class='ocrx_word' id='word_1_221' title='bbox 1236 3170 1288 3229; x_wconf 88' lang='lat' dir='ltr'><strong>hic</strong></span> 
     </span>
     <span class='ocr_line' id='line_1_28' title="bbox 159 3265 1289 3356; baseline -0.008 -21"><span class='ocrx_word' id='word_1_222' title='bbox 159 3292 289 3335; x_wconf 86' lang='lat' dir='ltr'><strong>omnem</strong></span> <span class='ocrx_word' id='word_1_223' title='bbox 307 3280 389 3336; x_wconf 86' lang='lat' dir='ltr'><strong>stare</strong></span> <span class='ocrx_word' id='word_1_224' title='bbox 409 3276 606 3356; x_wconf 87' lang='lat' dir='ltr'><strong>sapientiam,</strong></span> <span class='ocrx_word' id='word_1_225' title='bbox 623 3275 675 3334; x_wconf 89' lang='lat' dir='ltr'><strong>hic</strong></span> <span class='ocrx_word' id='word_1_226' title='bbox 698 3274 859 3348; x_wconf 87' lang='lat' dir='ltr'><strong>virtutem,</strong></span> <span class='ocrx_word' id='word_1_227' title='bbox 882 3271 933 3329; x_wconf 89' lang='lat' dir='ltr'><strong>hic</strong></span> <span class='ocrx_word' id='word_1_228' title='bbox 955 3267 1150 3329; x_wconf 87' lang='lat' dir='ltr'><strong>felicitatem.</strong></span> <span class='ocrx_word' id='word_1_229' title='bbox 1171 3265 1289 3326; x_wconf 84' lang='lat' dir='ltr'><strong>Contra</strong></span> 
     </span>
     <span class='ocr_line' id='line_1_29' title="bbox 160 3363 1286 3454; baseline -0.009 -21"><span class='ocrx_word' id='word_1_230' title='bbox 160 3372 333 3434; x_wconf 88' lang='lat' dir='ltr'><strong>stoicorum</strong></span> <span class='ocrx_word' id='word_1_231' title='bbox 347 3372 471 3454; x_wconf 86' lang='lat' dir='ltr'><strong>placitis</strong></span> <span class='ocrx_word' id='word_1_232' title='bbox 486 3391 649 3453; x_wconf 85' lang='lat' dir='ltr'><strong>nunquam</strong></span> <span class='ocrx_word' id='word_1_233' title='bbox 669 3379 732 3431; x_wconf 88' lang='lat' dir='ltr'><strong>tam</strong></span> <span class='ocrx_word' id='word_1_234' title='bbox 750 3368 854 3429; x_wconf 89' lang='lat' dir='ltr'><strong>aliena</strong></span> <span class='ocrx_word' id='word_1_235' title='bbox 867 3365 975 3439; x_wconf 89' lang='lat' dir='ltr'><strong>sensit,</strong></span> <span class='ocrx_word' id='word_1_236' title='bbox 992 3383 1088 3445; x_wconf 90' lang='lat' dir='ltr'><strong>quam</strong></span> <span class='ocrx_word' id='word_1_237' title='bbox 1102 3364 1136 3425; x_wconf 89' lang='lat' dir='ltr'><strong>in</strong></span> <span class='ocrx_word' id='word_1_238' title='bbox 1151 3363 1201 3425; x_wconf 88' lang='lat' dir='ltr'><strong>his</strong></span> <span class='ocrx_word' id='word_1_239' title='bbox 1215 3380 1286 3442; x_wconf 82' lang='lat' dir='ltr'><strong>quae</strong></span> 
     </span>
     <span class='ocr_line' id='line_1_30' title="bbox 160 3467 753 3549; baseline -0.002 -20"><span class='ocrx_word' id='word_1_240' title='bbox 160 3468 194 3530; x_wconf 90' lang='lat' dir='ltr'><strong>in</strong></span> <span class='ocrx_word' id='word_1_241' title='bbox 210 3467 323 3533; x_wconf 88' lang='lat' dir='ltr'><strong>eodem</strong></span> <span class='ocrx_word' id='word_1_242' title='bbox 337 3471 407 3534; x_wconf 89' lang='lat' dir='ltr'><strong>loco</strong></span> <span class='ocrx_word' id='word_1_243' title='bbox 422 3471 460 3533; x_wconf 90' lang='lat' dir='ltr'><strong>de</strong></span> <span class='ocrx_word' id='word_1_244' title='bbox 476 3471 590 3534; x_wconf 91' lang='lat' dir='ltr'><strong>virtute</strong></span> <span class='ocrx_word' id='word_1_245' title='bbox 606 3469 729 3549; x_wconf 89' lang='lat' dir='ltr'><strong>scripsit</strong></span> <span class='ocrx_word' id='word_1_246' title='bbox 746 3488 753 3527; x_wconf 91' lang='lat'>:</span> 
     </span>
    </p>
   </div>
   <div class='ocr_carea' id='block_1_8' title="bbox 253 3619 1169 3935">
    <p class='ocr_par' dir='ltr' id='par_1_9' title="bbox 253 3619 1169 3935">
     <span class='ocr_line' id='line_1_31' title="bbox 253 3619 1072 3695; baseline -0.01 -16"><span class='ocrx_word' id='word_1_247' title='bbox 253 3654 258 3665; x_wconf 93' lang='lat'><strong>·</strong></span> <span class='ocrx_word' id='word_1_248' title='bbox 306 3626 376 3679; x_wconf 89' lang='lat' dir='ltr'><strong>Ecce</strong></span> <span class='ocrx_word' id='word_1_249' title='bbox 390 3628 502 3695; x_wconf 91' lang='lat' dir='ltr'><strong>patrem</strong></span> <span class='ocrx_word' id='word_1_250' title='bbox 517 3622 578 3677; x_wconf 87' lang='lat' dir='ltr'><strong>nati</strong></span> <span class='ocrx_word' id='word_1_251' title='bbox 592 3621 748 3694; x_wconf 83' lang='lat' dir='ltr'><strong>perimunt,</strong></span> <span class='ocrx_word' id='word_1_252' title='bbox 764 3622 904 3690; x_wconf 88' lang='lat' dir='ltr'><strong>natosque</strong></span> <span class='ocrx_word' id='word_1_253' title='bbox 919 3619 1072 3687; x_wconf 87' lang='lat' dir='ltr'><strong>parentes:</strong></span> 
     </span>
     <span class='ocr_line' id='line_1_32' title="bbox 304 3696 1002 3775; baseline -0.014 -16"><span class='ocrx_word' id='word_1_254' title='bbox 304 3706 457 3775; x_wconf 85' lang='lat' dir='ltr'><strong>Mutuaqne</strong></span> <span class='ocrx_word' id='word_1_255' title='bbox 470 3702 573 3759; x_wconf 86' lang='lat' dir='ltr'><strong>armati</strong></span> <span class='ocrx_word' id='word_1_256' title='bbox 587 3702 732 3758; x_wconf 86' lang='lat' dir='ltr'><strong>coeuntia</strong></span> <span class='ocrx_word' id='word_1_257' title='bbox 747 3698 865 3755; x_wconf 85' lang='lat' dir='ltr'><strong>vulnera</strong></span> <span class='ocrx_word' id='word_1_258' title='bbox 880 3696 1002 3765; x_wconf 79' lang='lat' dir='ltr'><strong>fratres3</strong></span> 
     </span>
     <span class='ocr_line' id='line_1_33' title="bbox 303 3772 1169 3850; baseline -0.01 -13"><span class='ocrx_word' id='word_1_259' title='bbox 303 3784 366 3838; x_wconf 88' lang='lat' dir='ltr'><strong>Non</strong></span> <span class='ocrx_word' id='word_1_260' title='bbox 380 3788 510 3839; x_wconf 89' lang='lat' dir='ltr'><strong>nostrum</strong></span> <span class='ocrx_word' id='word_1_261' title='bbox 526 3782 581 3837; x_wconf 89' lang='lat' dir='ltr'><strong>hoc</strong></span> <span class='ocrx_word' id='word_1_262' title='bbox 594 3782 703 3837; x_wconf 89' lang='lat' dir='ltr'><strong>bellurn</strong></span> <span class='ocrx_word' id='word_1_263' title='bbox 718 3782 761 3835; x_wconf 87' lang='lat' dir='ltr'><strong>est</strong></span> <span class='ocrx_word' id='word_1_264' title='bbox 776 3796 783 3835; x_wconf 75' lang='grc' dir='ltr'><strong><em>ε</em></strong></span> <span class='ocrx_word' id='word_1_265' title='bbox 800 3780 942 3850; x_wconf 81' lang='lat' dir='ltr'><strong>coguntur</strong></span> <span class='ocrx_word' id='word_1_266' title='bbox 953 3778 1033 3831; x_wconf 86' lang='lat' dir='ltr'><strong>tanta</strong></span> <span class='ocrx_word' id='word_1_267' title='bbox 1047 3772 1169 3840; x_wconf 86' lang='lat' dir='ltr'><strong>moveri,</strong></span> 
     </span>
     <span class='ocr_line' id='line_1_34' title="bbox 303 3856 1099 3935; baseline -0.011 -18"><span class='ocrx_word' id='word_1_268' title='bbox 303 3864 392 3935; x_wconf 83' lang='lat' dir='ltr'><strong>laque</strong></span> <span class='ocrx_word' id='word_1_269' title='bbox 407 3879 475 3918; x_wconf 85' lang='lat' dir='ltr'><strong>suas</strong></span> <span class='ocrx_word' id='word_1_270' title='bbox 490 3862 558 3917; x_wconf 81' lang='lat' dir='ltr'><strong>terri</strong></span> <span class='ocrx_word' id='word_1_271' title='bbox 572 3878 682 3933; x_wconf 70' lang='lat' dir='ltr'><strong>peenas</strong></span> <span class='ocrx_word' id='word_1_272' title='bbox 698 3858 910 3930; x_wconf 85' lang='lat' dir='ltr'><strong>lacerandaque</strong></span> <span class='ocrx_word' id='word_1_273' title='bbox 929 3856 1062 3910; x_wconf 88' lang='lat' dir='ltr'><strong>membra</strong></span> <span class='ocrx_word' id='word_1_274' title='bbox 1077 3856 1099 3909; x_wconf 88' lang='lat'><strong>¹.</strong></span> 
     </span>
    </p>
   </div>
   <div class='ocr_carea' id='block_1_9' title="bbox 159 4033 1287 4219">
    <p class='ocr_par' dir='ltr' id='par_1_10' title="bbox 159 4033 1287 4219">
     <span class='ocr_line' id='line_1_35' title="bbox 159 4033 1285 4116; baseline -0.008 -12"><span class='ocrx_word' id='word_1_275' title='bbox 159 4041 243 4104; x_wconf 90' lang='lat' dir='ltr'>Illud</span> <span class='ocrx_word' id='word_1_276' title='bbox 269 4060 346 4103; x_wconf 88' lang='lat' dir='ltr'><strong>sane</strong></span> <span class='ocrx_word' id='word_1_277' title='bbox 369 4043 466 4103; x_wconf 87' lang='lat' dir='ltr'><strong>stoice</strong></span> <span class='ocrx_word' id='word_1_278' title='bbox 484 4061 549 4103; x_wconf 90' lang='lat' dir='ltr'><strong>non</strong></span> <span class='ocrx_word' id='word_1_279' title='bbox 572 4046 673 4103; x_wconf 90' lang='lat' dir='ltr'><strong>sonat.</strong></span> <span class='ocrx_word' id='word_1_280' title='bbox 690 4041 782 4113; x_wconf 91' lang='lat' dir='ltr'><strong>Nam,</strong></span> <span class='ocrx_word' id='word_1_281' title='bbox 799 4039 825 4100; x_wconf 87' lang='lat' dir='ltr'><strong>si</strong></span> <span class='ocrx_word' id='word_1_282' title='bbox 842 4038 875 4100; x_wconf 93' lang='lat' dir='ltr'><strong>id</strong></span> <span class='ocrx_word' id='word_1_283' title='bbox 896 4036 1079 4116; x_wconf 87' lang='lat' dir='ltr'><strong>accipimus,</strong></span> <span class='ocrx_word' id='word_1_284' title='bbox 1094 4052 1158 4095; x_wconf 89' lang='lat' dir='ltr'><strong>nou</strong></span> <span class='ocrx_word' id='word_1_285' title='bbox 1180 4033 1285 4095; x_wconf 89' lang='lat' dir='ltr'><strong>minus</strong></span> 
     </span>
     <span class='ocr_line' id='line_1_36' title="bbox 159 4133 1287 4219; baseline -0.007 -18"><span class='ocrx_word' id='word_1_286' title='bbox 159 4159 241 4202; x_wconf 89' lang='lat' dir='ltr'><strong>vana</strong></span> <span class='ocrx_word' id='word_1_287' title='bbox 257 4147 289 4201; x_wconf 90' lang='lat' dir='ltr'><strong>et</strong></span> <span class='ocrx_word' id='word_1_288' title='bbox 308 4139 390 4201; x_wconf 86' lang='lat' dir='ltr'><strong>levia</strong></span> <span class='ocrx_word' id='word_1_289' title='bbox 410 4142 528 4202; x_wconf 88' lang='lat' dir='ltr'><strong>Seneca</strong></span> <span class='ocrx_word' id='word_1_290' title='bbox 539 4145 571 4201; x_wconf 88' lang='lat' dir='ltr'><strong>et</strong></span> <span class='ocrx_word' id='word_1_291' title='bbox 586 4138 746 4219; x_wconf 84' lang='lat' dir='ltr'><strong>Epictetus</strong></span> <span class='ocrx_word' id='word_1_292' title='bbox 767 4155 941 4219; x_wconf 87' lang='lat' dir='ltr'><strong>omnesque</strong></span> <span class='ocrx_word' id='word_1_293' title='bbox 959 4134 1122 4217; x_wconf 73' lang='lat' dir='ltr'><strong>sapientia</strong></span> <span class='ocrx_word' id='word_1_294' title='bbox 1141 4133 1287 4196; x_wconf 85' lang='lat' dir='ltr'><strong>doctores</strong></span> 
     </span>
    </p>
   </div>
   <div class='ocr_carea' id='block_1_10' title="bbox 191 4332 461 4399">
    <p class='ocr_par' dir='ltr' id='par_1_11' title="bbox 191 4332 461 4399">
     <span class='ocr_line' id='line_1_37' title="bbox 191 4332 461 4399; baseline 0 -14"><span class='ocrx_word' id='word_1_295' title='bbox 191 4337 214 4387; x_wconf 83' lang='lat' dir='ltr'><strong>t.</strong></span> <span class='ocrx_word' id='word_1_296' title='bbox 229 4335 349 4391; x_wconf 69' lang='lat' dir='ltr'><strong>Astron„</strong></span> <span class='ocrx_word' id='word_1_297' title='bbox 363 4332 406 4399; x_wconf 87' lang='lat' dir='ltr'><strong>IV,</strong></span> <span class='ocrx_word' id='word_1_298' title='bbox 421 4336 461 4386; x_wconf 79' lang='lat'><strong>82,</strong></span> 
     </span>
    </p>
   </div>
   <div class='ocr_carea' id='block_1_11' title="bbox 0 0 1596 5125">
    <p class='ocr_par' dir='ltr' id='par_1_12' title="bbox 0 0 1596 5125">
     <span class='ocr_line' id='line_1_38' title="bbox 0 0 1596 5125; baseline 0 0"><span class='ocrx_word' id='word_1_299' title='bbox 0 0 1596 5125; x_wconf 95' lang='lat' dir='ltr'><strong> </strong></span> 
     </span>
    </p>
   </div>
  </div>
 </body>
</html>
