3184 5125
693 1037 849 1112 CAPUT
875 1033 1093 1124 QUINTUM

570 1332 665 1392 QUAM
691 1331 773 1380 VERE
798 1329 967 1380 POETICAM
991 1329 1210 1379 FACULTATEM

534 1457 691 1507 MANILIUS
723 1456 758 1504 IN
784 1453 1030 1505 ASTRONOMICIS
1057 1455 1255 1503 EXHIBUERIT

365 1714 427 1776 Sed
439 1714 507 1794 Jam
522 1713 724 1787 destinatum,
742 1719 775 1773 ut
791 1712 835 1772 ait
850 1711 1011 1789 Virgilius,

702 1862 808 1935 Spatiis
823 1862 1000 1918 confecimus
1014 1879 1126 1933 aequor‚

468 1946 502 2000 Et
515 1945 577 2016 jam
591 1948 705 2016 tempus
722 1959 829 2016 equum
843 1941 986 1998 fumantia
998 1944 1108 1998 solvere
1124 1943 1208 1998 colla.

324 2099 417 2171 Nam,
437 2097 521 2177 quod
540 2095 617 2156 mihi
640 2114 869 2176 proposueram
884 2114 975 2174 opus,
992 2114 1089 2174 quam
1109 2091 1327 2173 probabilibus
1343 2097 1376 2153 et
1390 2093 1460 2173 qni·

329 2194 462 2255 busdam
488 2194 583 2255 etiam
602 2212 660 2273 pro
682 2213 714 2254 re
735 2192 915 2254 certissimis
937 2192 1060 2253 indiciis
1079 2191 1264 2265 monstravi,
1282 2209 1376 2270 quem
1394 2190 1461 2251 sine

321 2281 395 2352 ¹ulla
410 2311 505 2353 causa
520 2290 684 2352 Manilium
700 2290 828 2352 nomine
846 2291 948 2350 dicere
964 2290 1112 2363 solemus,
1131 2289 1355 2350 scholasticum
1370 2287 1461 2348 illum

327 2389 424 2450 fuisse
451 2394 590 2468 poetam,
616 2389 669 2467 qui
695 2388 844 2448 extremis
867 2387 1067 2466 potissimum
1092 2387 1226 2464 Augusti
1251 2386 1459 2465 temporibus,

325 2493 488 2547 astrorum
515 2485 579 2548 vim
604 2505 639 2547 ac
665 2485 798 2547 virtutes
826 2485 885 2545 sibi
911 2484 1082 2567 susceperit
1108 2483 1309 2545 evolvendas.
1336 2483 1374 2543 ln
1399 2502 1462 2565 quo

328 2590 475 2666 poemate
492 2584 585 2646 docui
600 2583 721 2645 nullam
736 2582 985 2664 philosophiam,
1001 2602 1038 2643 ac
1057 2602 1095 2643 ne
1111 2583 1244 2644 stoicam
1263 2582 1404 2662 quidem,
1421 2581 1462 2643 ob

329 2683 496 2744 veritatem
507 2689 562 2744 aut
573 2682 670 2743 ullam
683 2682 848 2743 scribentis
859 2680 1095 2760 persuasionem
1107 2680 1299 2757 arcessitam,
1308 2679 1375 2753 sed,
1387 2679 1464 2759 quia

329 2779 498 2840 luculentis
523 2780 666 2841 versibus
695 2785 726 2840 et
756 2778 929 2858 grandibus
959 2797 1090 2856 poeseos
1115 2777 1268 2840 tractibus
1296 2777 1462 2837 materiam

328 2874 458 2936 uberem
476 2882 653 2955 praestaret,
670 2876 740 2937 ideo
756 2896 814 2955 per
830 2881 930 2936 totum
946 2894 1026 2955 opus
1040 2875 1220 2955 adspersam
1234 2874 1347 2950 fuisse;
1360 2880 1462 2935 astro-

332 2972 447 3032 nomia
463 2977 580 3045 autem,
595 2973 628 3032 in
647 2977 756 3052 quaet
775 2972 891 3051 saepius
909 2978 995 3033 errat
1013 2992 1071 3033 nec
1086 2972 1177 3034 valde
1197 2991 1308 3033 curare
1326 2972 1460 3044 videtur,

260 3089 269 3101 ·
332 3087 372 3130 ne
387 3075 480 3145 erret,
497 3087 569 3129 cum
586 3088 698 3149 parum
716 3069 863 3148 peritum,
880 3075 947 3131 tum
962 3089 1077 3148 parum
1093 3070 1252 3131 curiosum
1266 3070 1357 3129 illum
1373 3068 1464 3130 exsti-

330 3167 421 3245 tisse;
437 3167 514 3246 quin
528 3186 567 3228 ne
587 3166 810 3245 astrologicam
826 3168 954 3247 quidem
975 3169 1131 3229 rationem
1147 3168 1271 3247 penitus
1286 3175 1342 3228 aut
1357 3165 1464 3245 cogni·

331 3269 397 3324 tam
418 3264 457 3324 ab
481 3283 519 3325 eo
544 3269 598 3325 aut
622 3265 815 3325 intellectam
832 3264 939 3338 fuisse,
961 3265 1119 3345 etiamque
1143 3283 1207 3325 non
1229 3282 1335 3325 errore
1358 3264 1462 3343 aliquo

333 3367 447 3441 poetae,
462 3362 516 3422 sed
530 3381 677 3441 expressa
690 3362 826 3442 quadam
844 3363 1007 3422 voluntate
1023 3362 1067 3423 ita
1082 3362 1300 3443 depravatam,
1317 3368 1352 3422 ut
1367 3362 1463 3422 scien·

333 3458 385 3518 tiae
398 3458 475 3519 fides
488 3459 652 3537 elegantiae
667 3460 820 3520 orationis
835 3460 970 3520 cederet.
983 3445 1079 3539 Gujus
1090 3460 1187 3538 igitur
1201 3459 1277 3519 artis
1291 3460 1463 3520 acerrimus

331 3561 459 3616 amator
478 3563 569 3633 esset,
591 3575 687 3635 quam
708 3557 935 3618 studiosissime
960 3564 992 3618 et
1015 3564 1200 3637 sequeretur
1224 3564 1255 3618 et
1279 3556 1461 3635 explicaret,

333 3670 397 3713 uon
416 3651 653 3733 philosophiam
674 3654 762 3715 illam
783 3674 851 3715 esse
875 3654 1068 3715 credendum
1088 3661 1134 3715 est
1155 3660 1210 3715 aut
1235 3652 1462 3714 astronomiam

334 3749 387 3810 sed
406 3748 667 3811 versificationem
687 3757 717 3811 et
737 3751 951 3831 eloquentiam
970 3772 976 3812 :
994 3752 1128 3831 ideoque
1144 3752 1311 3838 materiam
1329 3751 1461 3811 electam

332 3866 450 3908 novam
465 3866 594 3927 prorsus
609 3854 640 3909 et
656 3849 829 3923 difficilem,
846 3868 918 3929 quae
934 3850 1040 3929 palam
1056 3854 1241 3923 ostentaret,
1251 3848 1328 3927 quid
1343 3847 1377 3908 in
1392 3866 1463 3930 pan-

331 3944 441 4025 gendis
468 3945 619 4018 versibus
639 3947 713 4026 quid
734 3947 767 4006 in
785 3946 963 4026 eloquendo
989 3947 1098 4008 rhetor
1116 3946 1259 4008 eruditus
1284 3965 1322 4007 ac
1343 3944 1462 4006 subtilis

332 4050 449 4122 posset.
461 4046 540 4104 Eum
556 4044 690 4124 denique
705 4064 803 4125 quem
814 4039 1101 4124 splendidissimam
1113 4044 1231 4124 ingenii
1241 4044 1363 4104 lamam
1374 4044 1460 4104 allec·

333 4144 415 4200 tasse
430 4139 589 4216 edisserui,
607 4161 679 4201 cum
700 4161 812 4221 aspera
826 4161 859 4201 re
874 4141 1067 4203 suavissimis
1081 4161 1287 4203 numerorum
1303 4160 1340 4202 ac
1355 4141 1462 4201 verbo·

333 4254 404 4295 rum
419 4236 583 4315 elegantiis
598 4245 755 4317 superata,
770 4244 838 4299 tum
853 4239 1000 4300 omuibus
1010 4239 1124 4320 quibus
1138 4245 1206 4300 tum
1223 4238 1461 4301 delectabantur
