3184 5125
774 487 936 552 -ω-

287 621 369 694 Quid
396 639 471 682 vero
501 621 616 682 horum
647 622 832 682 animalium
865 622 964 684 moles
988 620 1103 694 obstat,
1133 619 1210 700 quin
1233 619 1420 701 loquentem

289 718 474 798 magistrum
488 719 723 780 audianttcum
737 721 872 794 feritate,
885 739 950 781 non
963 720 1114 801 pondere,
1126 719 1314 799 obsequium
1326 720 1421 800 juno-

288 823 356 879 tum
370 816 612 879 admirationem
627 824 743 879 movet.

329 917 367 976 Et
382 914 527 996 quaedam
540 915 682 976 invenias
696 915 729 975 in
744 914 858 995 quibus
871 920 1025 994 appareat
1034 933 1099 975 non
1111 934 1128 976 e
1139 914 1295 976 sententia
1307 917 1418 990 verba,

287 1013 374 1075 sede
391 1012 496 1074 verbis
510 1011 698 1074 sententiam
714 1013 902 1093 profluxisse
919 1030 926 1073 :
944 1011 1031 1092 quod
1043 1031 1114 1073 aum
1134 1011 1237 1074 multa
1257 1011 1332 1093 alia,
1350 1021 1420 1076 tum

286 1111 356 1173 baea
365 1108 506 1172 indicant
520 1125 527 1171 :

696 1253 844 1325 victorque
859 1252 896 1307 ad
911 1251 1007 1308 sidera
1023 1251 1112 1308 mittit

431 1332 559 1390 sidereos
574 1332 672 1389 oeulos
685 1335 715 1388 ¹.=

567 1412 643 1477 Ouid
656 1412 773 1482 mirum,
788 1413 1048 1469 nosceremaadam

430 1490 459 1547 Si
473 1491 582 1563 possint
595 1492 738 1562 homines,
755 1492 856 1560 quitus
867 1497 907 1546 est
922 1496 947 1547 et
960 1492 1081 1548 mandas
1094 1493 1125 1547 ia
1138 1492 1207 1563 ipsis
1222 1491 1244 1546 ¹.

327 1676 402 1749 Quis
414 1683 520 1738 autem
536 1677 639 1739 varias
652 1677 777 1741 dicendi
792 1679 923 1758 figuras,
936 1679 1223 1760 translationesque
1247 1684 1416 1761 ceteraque

285 1773 320 1835 in
333 1775 479 1835 eumdem
499 1775 628 1836 modum
649 1783 775 1857 reperta
789 1796 1000 1838 annumerare
1015 1777 1123 1858 possit,
1141 1777 1255 1858 quibus
1270 1778 1416 1841 Manilius

282 1871 492 1934 libentissime
509 1891 618 1934 versus
638 1893 711 1935 suos
729 1874 873 1936 refersit?
887 1877 967 1936 Nam
988 1875 1068 1935 nihil
1089 1877 1154 1937 tere
1179 1875 1363 1955 simpliciter
1384 1883 1417 1938 et

283 1969 379 2050 plane
394 1970 473 2031 dixit
488 1990 495 2032 :
512 1989 622 2033 omnes
641 1972 814 2033 sententias
834 1973 936 2049 torsit,
952 1973 1050 2035 verba
1069 1973 1167 2048 flexit,
1184 1979 1219 2034 ut
1236 1972 1286 2035 vel
1307 1993 1324 2034 e
1342 1975 1416 2036 vul·

283 2067 367 2148 gatis
381 2067 474 2130 rebus
482 2068 637 2130 subtiliter
647 2070 786 2148 cogitata
801 2075 832 2130 et
846 2070 1048 2149 singulariter
1055 2071 1141 2133 dicta
1152 2070 1287 2140 eliceret.
1298 2072 1343 2133 Ac
1358 2092 1417 2152 per

285 2171 389 2228 totum
402 2185 516 2247 poema
527 2167 689 2247 improbus
703 2168 754 2230 hic
763 2168 918 2229 sentiendi
928 2174 959 2230 et
969 2169 1137 2248 eloquendi
1150 2168 1241 2230 labor
1255 2168 1414 2248 legentem

287 2264 385 2327 modo
395 2282 466 2324 oum
478 2265 633 2326 suavitate
644 2265 794 2344 quadam,
807 2285 890 2346 saepe
904 2285 976 2326 aum
993 2265 1137 2327 molestia
1146 2266 1306 2328 sollicitat.
1318 2266 1417 2348 Cujus

285 2360 331 2422 rei
347 2361 494 2443 quaedam
510 2362 675 2442 subjiciam
689 2363 891 2425 documenta.
908 2366 982 2426 llaea
1006 2363 1143 2444 primum
1159 2363 1312 2427 dolove:

430 2553 538 2610 Nobilis
553 2557 581 2610 et
595 2554 696 2611 mundi
711 2555 819 2612 nutrito
834 2571 902 2629 rege
918 2554 1036 2627 Capella

429 2634 516 2707 Cujus
529 2636 565 2691 ab
581 2636 716 2692 uberibus
732 2651 872 2707 magnum
887 2636 934 2692 ille
953 2634 1083 2691 ascendit
1098 2637 1264 2708 Olympum,

427 2717 508 2771 Lacte
520 2717 580 2784 fero
594 2732 714 2773 arescens
726 2717 763 2771 ad
780 2718 903 2805 [utmiaa
917 2720 1024 2783 vimque
1040 2716 1157 2771 tonantii
1175 2716 1194 2772 ⁸.

286 2893 472 2978 Phaetontis
487 2916 560 2958 casn
577 2900 737 2959 terrestria
752 2900 897 2962 incendia
910 2903 955 2963 ita
969 2903 1111 2964 solatur:

430 3083 493 3148 Quo
509 3082 667 3154 querimur,
680 3084 815 3142 flammas
829 3090 924 3143 toturn
938 3089 1048 3146 saevisse
1064 3108 1115 3164 per
1129 3091 1239 3159 orbem,

431 3163 632 3236 Terrarumque
648 3181 745 3234 rapam
759 3172 869 3223 cunetas
883 3172 984 3225 arstsse
994 3187 1047 3241 per
1059 3171 1151 3238 arbes,

429 3242 504 3298 Cum
519 3260 593 3318 vaga
608 3244 727 3315 dispersi
745 3246 896 3304 fluitarunt
910 3248 1022 3305 lumina
1037 3266 1146 3318 currus,

428 3322 463 3377 Et
476 3324 579 3378 caelum
594 3329 728 3381 exustum
744 3326 806 3382 est?
820 3328 885 3384 Luit
898 3328 961 3400 ipse
975 3329 1109 3386 incendia
1124 3329 1251 3386 mundus

426 3402 460 3456 Et
474 3418 551 3458 nova
566 3404 666 3460 vicinis
679 3405 841 3479 flagrarunt
854 3407 950 3465 sidera
963 3409 1091 3465 flammis
1104 3412 1126 3467 ⁴.

285 3587 369 3647 Tum
384 3585 439 3647 illa
454 3586 492 3649 de
507 3587 628 3649 diffusis
640 3609 698 3670 per
712 3592 892 3654 universum
905 3600 1028 3657 naturae
1046 3596 1156 3657 orbem
1171 3595 1312 3675 ignibus,

431 3770 485 3835 Oui
499 3772 630 3844 gravidas
643 3773 776 3831 hubitant
790 3778 965 3845 fabricantes
980 3780 1101 3848 fulmina
1112 3781 1216 3837 nubes.

429 3853 463 3907 Et
477 3856 629 3923 penetrant
642 3856 732 3911 terras
747 3860 912 3930 AEtnamqae
924 3862 1068 3915 minantur
1082 3860 1196 3931 Olympo
1210 3860 1233 3916 θ.

355 4059 436 4123 Men„
449 4065 565 4124 Astron„
581 4065 626 4130 lv,
641 4068 695 4117 107.

357 4129 408 4192 la,
423 4131 496 4192 itta,
511 4136 554 4194 IV,
570 4137 623 4185 893.

317 4128 341 4179 a

316 4199 604 4267 anamim

317 4269 600 4335 anamma

316 4340 604 4407 anamma
