3184 5125
688 469 727 480 ..
748 433 785 496 87
807 470 847 478 -

200 570 237 630 nt
249 567 319 630 haec
332 566 371 628 de
383 564 566 627 Atheniensi
581 565 636 628 illa
648 568 828 647 pestilentia
844 587 852 630 ε

341 716 475 775 Cesserat
490 715 620 772 officium
634 717 753 788 morbis,
769 721 798 774 et
810 720 913 788 sunere
927 718 1055 787 deorum,

340 797 476 853 Mortibus
491 800 517 852 et
532 798 653 853 leorimae
668 800 688 852 ¹.

195 941 268 1003 lem
282 958 358 1002 vero
373 940 477 1001 Nilum
491 939 638 1001 describit
655 957 663 1001 ι
709 976 713 984 -
772 929 774 934 ’

496 1091 658 1163 Erumpens
673 1089 804 1147 imitetur
818 1091 915 1147 sidera
933 1091 1035 1148 mundi

341 1171 394 1225 Per
408 1173 520 1242 septem
535 1170 633 1226 lauces
648 1174 736 1243 etque
752 1186 805 1226 ora
819 1171 952 1243 iugentia
966 1172 1087 1243 pentum
1101 1172 1123 1228 ².

195 1311 248 1374 Sic
263 1316 369 1374 autem
387 1311 579 1391 gladiatores
595 1332 601 1374 :

341 1465 423 1518 Nunc
435 1467 521 1535 caput
535 1464 565 1518 in
582 1467 708 1519 mortem
724 1463 862 1533 venduut,
878 1469 908 1519 et
922 1464 1007 1519 funus
1022 1480 1127 1534 urenae,

339 1545 432 1616 Atque
448 1545 562 1600 hostem
576 1543 630 1600 sibi
643 1543 764 1616 quisque
779 1548 873 1616 parat,
887 1561 953 1600 eum
969 1545 1045 1600 belle
1058 1544 1210 1618 quiescunt
1224 1546 1245 1600 ³.

192 1694 267 1756 Mox
279 1693 536 1774 gubernatorem,
553 1695 608 1776 qui
623 1713 750 1758 cursum
766 1695 864 1758 stellis
878 1695 996 1776 dirigit,
1052 1791 1055 1798 Ι

335 1845 370 1900 Et
380 1848 503 1918 pentum
517 1845 587 1902 eaelo
602 1845 689 1902 vincit
698 1849 721 1902 ⁸.

190 1995 280 2058 Adde
293 1995 388 2058 etiem
401 1996 456 2057 ille
471 2017 542 2078 quae
556 1997 738 2059 fabulosum
749 1998 839 2058 illum
853 1997 971 2078 Phryxi
986 1997 1123 2059 Arietem
1132 1996 1276 2076 signant:

334 2148 406 2204 Cum
419 2151 537 2206 vitreum
550 2149 663 2206 findens
678 2152 791 2206 eureuit
806 2148 912 2206 vellere
926 2096 1048 2221 pentum
1065 2149 1085 2204 ⁵.

190 2300 291 2374 Quid?
303 2320 382 2382 ques
397 2303 531 2364 caecitati
546 2277 656 2365 mnndi
674 2304 768 2365 facies
783 2304 938 2366 destinat:
956 2322 1036 2384 quos
1055 2301 1196 2380 maligne
1215 2301 1316 2363 sidere

332 2450 455 2507 humina
471 2451 604 2507 deficient
619 2455 698 2508 ortes
711 2456 900 2524 neminemque
914 2451 1018 2508 creatis

331 2534 447 2589 Mortem
462 2534 523 2602 fetu
534 2533 662 2589 debunt:
677 2549 707 2589 se
723 2532 846 2605 quisque
861 2539 887 2590 ct
900 2534 968 2589 eicit
982 2537 1008 2589 et
1021 2532 1101 2602 effert
1115 2529 1146 2585 ⁶?

15 2656 17 2733 i
185 2685 227 2747 ut
243 2684 328 2765 quod
344 2685 495 2746 diluvium
511 2685 603 2747 terris
616 2684 791 2747 immissum
807 2690 865 2759 est,

331 2835 454 2892 Humani
468 2836 582 2909 generis
598 2853 663 2892 cum
678 2838 755 2893 solus
769 2836 896 2893 constitit
909 2837 994 2893 heres

329 2916 492 2986 Deucalion,
507 2919 671 2989 scopuloque
682 2920 772 2974 erdem
783 2920 909 2989 possedit
922 2920 953 2975 iu
964 2934 1020 2975 une
1034 2917 1065 2972 ⁷?

185 3064 338 3148 Quodque
351 3067 537 3129 Salmoneus
553 3068 594 3130 ob
607 3068 775 3131 nefandam
790 3070 978 3131 industriam
994 3088 1105 3149 pessus
1119 3073 1165 3131 est
1179 3089 1186 3130 :

490 3260 546 3275 .....
564 3218 613 3292 qui
628 3220 731 3275 eaelum
742 3219 872 3276 imitetus
884 3219 914 3273 in
928 3220 999 3275 urhe

327 3298 466 3354 Pontibus
481 3298 630 3371 impositis,
645 3298 801 3371 missisque
816 3315 868 3371 per
882 3314 941 3353 aera
955 3296 1103 3371 quadrigis

329 3380 506 3449 Eepucsstsse
520 3396 617 3436 seuuru
629 3381 726 3436 muudi
740 3379 794 3435 sibi
808 3378 895 3448 visus,
907 3383 936 3435 et
950 3377 1045 3451 ipsum

328 3459 490 3517 Admecisse
503 3462 597 3517 Joocuu
616 3464 705 3530 terris,
721 3460 787 3515 dum
801 3461 920 3527 fulmine
934 3458 1024 3531 fiuq'it,

327 3538 428 3606 Sensit,
446 3542 475 3595 et
488 3540 645 3595 immensos
659 3540 742 3615 ignes
757 3556 846 3612 super
860 3539 922 3612 ipse
935 3542 1048 3595 secutus

242 3664 244 3668 .
327 3621 414 3675 Morte
427 3621 518 3677 Jeeem
532 3621 632 3677 didicit
646 3618 676 3673 ⁸?

214 3796 239 3845 l.
255 3795 337 3856 Men„
350 3796 466 3855 Astron„
480 3798 500 3860 I,
517 3798 570 3848 888.

213 3866 239 3917 2.
254 3864 304 3929 ld.,
319 3865 393 3925 uie,
410 3867 453 3927 ΙΙΙ,
469 3869 524 3919 2Ἶ3.

216 3938 238 3987 3.
254 3936 305 4000 tu,
320 3936 394 3995 itte„
411 3939 521 4001 1V,225.

213 4008 239 4059 «l.
252 4006 303 4070 Id.,
318 4007 391 4066 ibid„
408 4011 451 4071 lv,
464 4012 519 4059 280.

216 4078 239 4127 5.
253 4077 304 4140 lu,
320 4078 394 4139 tete,
411 4080 455 4141 lv,
471 4082 526 4131 515.

211 4150 238 4198 8.
254 4149 303 4213 Id.,
319 4149 390 4209 ieie,
408 4153 451 4214 IV,
467 4153 521 4203 533.

199 4220 238 4269 ‘'1.
253 4221 304 4282 ld,
320 4220 392 4282 ieie,
410 4224 452 4285 lV,
468 4223 522 4273 832.

211 4288 237 4338 8.
255 4290 305 4353 Id.,
320 4292 395 4352 ibid,
410 4294 441 4356 V,
457 4296 495 4345 et.
