3184 5125
803 457 965 522 ...58-

317 605 401 673 ante,
414 600 538 657 nuncet
551 593 748 673 ignoramus.
762 595 866 656 Verba
879 591 963 654 enim
976 597 1059 666 sunt,
1076 608 1140 651 non
1154 608 1216 669 res,
1233 591 1262 652 si
1276 592 1347 673 quis
1362 613 1455 656 sexa·

317 696 405 773 ginta
424 700 529 773 partes
546 692 629 752 inter
648 696 764 752 terram
783 698 815 751 ct
833 689 946 751 caelum
967 693 1123 762 numeret,
1139 706 1197 750 nec
1217 689 1293 769 quid
1313 709 1453 773 quaeque

317 811 391 874 pars
409 791 525 862 valeat,
546 790 695 851 declaret.
716 791 816 849 Poeta
833 807 921 867 ergo,
943 787 998 866 qui
1015 785 1067 846 hic
1087 786 1145 846 sibi
1159 786 1246 848 risus
1260 793 1307 848 est
1327 789 1450 869 aliquid

317 908 422 969 agere,
438 888 513 968 quid
525 888 558 948 in
573 887 749 966 geometria
762 885 979 964 intelligebat?
991 886 1140 962 Tantum,
1156 889 1191 944 ut
1204 885 1328 964 opinor,
1345 906 1449 966 quau·

315 994 384 1048 tum
400 989 432 1047 in
448 985 652 1046 astronomia.

356 1087 397 1146 Ut
426 1090 532 1146 autem
560 1081 625 1144 veri
650 1081 844 1161 imperitum,
871 1080 916 1141 ita
945 1097 1070 1159 quoque
1096 1078 1292 1141 incuriosum
1318 1089 1447 1160 poetam

317 1181 546 1263 deprehendas,
571 1179 695 1241 Etenim
723 1179 799 1258 quid
827 1179 867 1240 de
895 1179 997 1239 lacteo
1024 1177 1141 1238 circulo
1170 1179 1260 1252 edat,
1285 1179 1450 1262 paulisper

317 1280 455 1343 attende.
478 1279 630 1352 Primum,
656 1297 720 1356 qua
745 1277 777 1337 io
802 1283 892 1356 parte
920 1275 988 1337 caeli
1013 1275 1214 1354 extendatur,
1237 1281 1268 1336 et
1291 1296 1350 1357 per
1375 1283 1452 1359 quae

317 1379 408 1458 signa
426 1378 535 1440 orbem
556 1377 642 1436 velut
659 1374 765 1436 balteo
788 1381 924 1453 premat,
946 1379 1093 1434 accurata
1112 1373 1324 1454 descriptione
1343 1382 1445 1438 notat.

316 1477 435 1539 Deinde
455 1475 495 1536 ad
515 1474 667 1553 originem
690 1473 814 1534 transit.
830 1471 886 1532 Hic
905 1490 981 1533 vero
999 1471 1148 1532 brevibus
1164 1472 1266 1533 verbis
1282 1472 1364 1533 duas
1382 1493 1447 1536 sen·

317 1573 432 1634 tentiae
456 1571 572 1651 prodit,
591 1589 663 1650 quae
685 1569 813 1650 quidem
836 1569 877 1630 ad
900 1569 1145 1630 astronomicam
1167 1570 1323 1631 rationem
1345 1571 1445 1651 perti-

317 1676 414 1730 neant
433 1688 440 1730 ε
461 1669 567 1729 fictam
589 1686 685 1728 unam
706 1667 745 1727 ab
770 1667 888 1747 illaque
910 1668 1060 1747 opinione
1080 1667 1219 1741 ductam,
1241 1687 1313 1747 quae
1334 1669 1445 1730 caelum

317 1767 476 1847 sphaeram
494 1783 559 1826 esse
575 1784 698 1840 cavam,
716 1771 801 1825 terra
815 1764 956 1825 medium
971 1765 1055 1825 intus
1071 1765 1176 1826 locum
1191 1765 1367 1845 obtinente,
1383 1773 1446 1828 tra·

317 1865 373 1936 dit,
395 1865 485 1943 cujus
506 1862 608 1924 solida
631 1862 813 1942 superficies
833 1862 970 1943 undique
992 1863 1109 1924 circum
1135 1869 1207 1924 acta
1227 1864 1445 1927 flammantem

317 1963 438 2024 aethera
454 1962 569 2022 nostris
585 1960 683 2023 oculis
702 1959 816 2040 eripiat
830 1966 873 2038 et,
887 1961 913 2021 si
933 1979 996 2040 qua
1012 1967 1102 2042 parte
1121 1960 1283 2022 scindatur
1302 1968 1358 2023 aut
1377 1982 1447 2042 per·

316 2061 449 2138 foretur,
468 2058 643 2138 permittat.

459 2223 502 2274 An
517 2223 598 2274 coeat
612 2217 760 2274 mundus?
776 2217 953 2289 duplicisque
970 2221 1100 2273 extrema
1113 2234 1244 2274 caverna

461 2298 646 2367 Conuenient,
663 2298 780 2369 caelique
794 2315 859 2352 oras
873 2301 901 2352 et
915 2298 1010 2352 sidera
1022 2297 1167 2370 jungant?

460 2379 569 2446 Perque
584 2377 660 2447 ipsos
676 2376 727 2431 fiat
741 2393 833 2430 nexus
848 2377 1003 2431 manifesta
1018 2378 1134 2432 cicatrix

461 2457 599 2511 Fusuram
614 2456 721 2511 faciens
733 2456 845 2524 mundi,
862 2457 984 2527 stipatus
1000 2461 1029 2512 et
1043 2458 1119 2513 orbis

457 2536 575 2595 Aeriam
591 2537 620 2593 in
631 2537 767 2593 nebulam
782 2539 861 2593 clara
875 2537 1046 2610 compagine
1061 2554 1160 2594 versus

458 2619 490 2673 In
507 2634 612 2674 cuneos
625 2618 677 2673 alti
694 2622 779 2689 cogat
794 2618 967 2673 fundamina
981 2619 1045 2674 coeli
1059 2621 1080 2673 ¹.

316 2790 397 2850 Vera
411 2796 517 2851 autem
530 2790 630 2850 altera
642 2788 800 2869 dignaque
814 2808 885 2869 quae
899 2789 939 2849 ab
950 2796 1133 2853 astronomo
1147 2791 1335 2867 celebretur,
1345 2792 1445 2853 trihus

317 2886 458 2947 versibus
473 2886 639 2965 expeditur
656 2905 663 2945 :

459 3045 502 3099 An
517 3044 612 3115 major
627 3043 728 3099 densat
742 3044 891 3099 stellarum
906 3046 992 3100 turha
1006 3062 1113 3103 corona

460 3124 611 3181 Connexas
625 3123 771 3189 flammas,
786 3127 816 3179 et
830 3140 926 3180 crasso
941 3125 1051 3182 lumine
1065 3128 1180 3187 candet.

459 3206 495 3261 Et
509 3204 621 3277 fulgore
635 3203 709 3258 nitet
722 3204 823 3260 caelato
835 3204 940 3293 clarior
953 3206 1031 3263 orbis
1042 3206 1069 3261 ²?

317 3381 434 3455 Quibus
445 3388 597 3461 tanquam
612 3380 808 3443 satisfactum
824 3387 904 3443 esset
919 3382 1057 3444 scientiae
1072 3402 1109 3444 ac
1124 3382 1260 3464 veritati,
1271 3383 1305 3444 in
1319 3382 1446 3461 sabulos

311 3497 348 3541 ¹se
368 3479 511 3551 effundit,
537 3478 592 3559 qui
610 3485 718 3539 tamen
741 3478 857 3541 alicubi
879 3486 989 3559 poetas
1008 3482 1110 3561 carpit
1133 3482 1288 3563 aquibus
1312 3483 1443 3544 deorum

316 3577 510 3655 heroumque
523 3576 608 3636 facta
620 3581 651 3637 et
664 3595 789 3638 amores
805 3578 838 3637 in
851 3578 943 3638 astris
958 3579 1082 3658 quaesiti
1097 3586 1171 3640 sunt
1186 3599 1194 3641 ε

460 3734 588 3798 Quorum
604 3735 782 3791 carminibus
799 3736 870 3792 nihil
886 3742 930 3792 est
943 3737 1000 3793 nisi
1014 3736 1111 3794 tabula
1125 3739 1227 3795 caelum
1244 3740 1265 3795 ³.

315 3912 372 3974 Hic
391 3913 498 3991 igitur,
518 3919 553 3974 ut
572 3913 705 3993 galaxiae
726 3916 880 3994 originem
900 3918 1035 3991 evolvat,
1053 3918 1236 3980 Phaetontis
1257 3936 1379 3993 currus,
1395 3920 1446 3980 Ju-

315 4012 469 4092 nonisque
486 4013 535 4074 lac
553 4018 691 4090 revocat,
709 4013 747 4075 de
765 4013 877 4094 hisque
891 4014 990 4095 'plura
1004 4015 1101 4077 verba
1114 4016 1190 4078 facit
1209 4035 1306 4098 quam
1324 4017 1363 4077 de
1382 4016 1444 4077 illis

345 4192 370 4241 1.
385 4190 463 4251 Man..
479 4194 592 4253 Astron„
607 4197 628 4258 l,
640 4197 697 4246 ¹123.

345 4262 370 4311 2.
383 4261 459 4320 told..
476 4264 498 4325 Ι,
512 4266 568 4315 Ἱ55.

345 4335 369 4383 3.
384 4332 463 4391 leid..
479 4334 513 4396 ΙΙ,
528 4337 566 4385 37.
