3184 5125
637 467 799 531 ..33-

138 608 335 691 compositae
356 605 452 666 totius
471 609 592 665 naturae
613 604 690 666 moli
710 604 848 667 adfuisse
865 609 1111 688 compositorem
1131 611 1281 676 demons-

139 713 247 781 trant,
270 723 363 785 quem
383 709 499 764 vocant
512 703 623 763 Deum.
642 703 700 764 Sed
723 709 755 764 et
775 703 870 765 deum
893 704 984 765 illurn
1004 706 1107 786 ipsum
1126 711 1281 774 mundum

142 825 216 868 esse
236 802 383 867 Manilius
404 800 554 877 affirmat,
577 806 607 861 et
628 800 840 881 compositum
861 803 1007 864 eumdem
1031 823 1068 865 ae
1092 809 1282 887 composito·

143 922 229 976 rem,
243 900 404 979 totiusque
425 898 535 977 figurae
555 898 725 959 eoncordia
743 898 809 960 uim
832 899 989 961 interioris
1009 902 1138 981 spiritus
1158 906 1252 985 prodi
1272 926 1279 969 ε

142 1004 182 1063 in
197 999 314 1080 quibus
330 996 533 1057 manifestum
547 995 638 1057 illum
653 996 787 1057 stoicum
802 996 1077 1078 deprehendimus.

167 1164 171 1171 ,
189 1097 315 1158 Addam
330 1096 436 1170 etiam,
452 1112 490 1153 ne
506 1092 582 1173 quid
596 1093 739 1155 omittere
753 1094 873 1168 videar,
885 1096 991 1157 stoicis
1003 1097 1198 1161 reddendum
1213 1120 1280 1164 esse

142 1194 356 1257 Manilianum
371 1189 450 1252 illud
463 1191 501 1252 de
514 1190 544 1252 vi
559 1191 692 1251 rationis
704 1210 829 1253 summe
845 1212 852 1253 ε

295 1382 352 1435 Nec
365 1382 518 1435 contemne
534 1382 597 1433 tues
613 1379 697 1451 quasi
712 1396 799 1451 parvo
814 1380 844 1435 in
859 1396 977 1452 corpore
989 1381 1080 1438 vires:

296 1460 357 1524 Quo
371 1459 455 1527 velet,
471 1459 649 1514 immensum
664 1463 741 1515 est...

294 1540 417 1595 Materiae
432 1556 468 1593 ne
485 1556 580 1611 quaere
595 1540 726 1606 modum,
743 1539 795 1595 sed
808 1541 938 1613 perspice
953 1542 1038 1611 vires,

296 1620 370 1684 Quas
384 1619 469 1689 ratio,
486 1636 545 1675 non
559 1620 673 1691 pondus
689 1620 787 1676 habet.
804 1622 887 1677 Ratio
902 1622 1000 1678 omnia
1014 1622 1100 1679 vincit
1110 1628 1132 1679 ¹.

704 1928 742 2010 ll

195 2163 260 2226 Sed
275 2162 374 2223 mults
390 2163 451 2224 alia
472 2163 661 2243 allegantur,
678 2182 749 2242 quae
765 2181 948 2242 quanquam
964 2182 980 2223 e
997 2163 1096 2225 stoica
1116 2163 1282 2244 discipline

152 2260 232 2324 oriri
254 2267 393 2340 possunt,
409 2281 473 2323 uon
492 2268 597 2323 tamen
620 2279 745 2322 necesse
765 2266 813 2321 est
832 2266 866 2321 ut
885 2280 924 2320 ex
943 2261 1150 2335 enodantur,
1166 2281 1238 2340 quae
1253 2262 1282 2323 ei

150 2364 188 2419 ut
204 2376 270 2419 non
284 2358 449 2431 contraria,
467 2359 510 2420 ita
525 2378 589 2420 non
604 2358 743 2440 propria,
761 2364 836 2419 sunt
850 2363 955 2419 autem
971 2358 1105 2420 Zenonis
1119 2358 1281 2441 discipulis

146 2455 334 2518 communia
346 2475 417 2517 cum
432 2455 576 2536 plurimis
591 2456 801 2536 philosophis.

190 2554 272 2627 Quid
293 2554 376 2616 enim
398 2574 470 2616 vere
492 2554 625 2616 stoicum
645 2554 764 2616 habent
783 2554 989 2636 pulcherrimi
1006 2556 1185 2632 illinemus,
1207 2575 1280 2618 cum

150 2671 261 2715 omnes
288 2653 430 2731 gentium
454 2671 489 2714 ac
512 2658 681 2732 regnorum
706 2652 840 2714 vicissim
865 2655 1003 2734 origines
1026 2660 1056 2715 et
1078 2653 1184 2713 ruinas
1207 2672 1278 2713 cum

149 2741 467 2838 sempiterna'mundi
482 2751 662 2830 aequalitate
678 2753 811 2828 confert,
826 2769 1038 2830 magnamque
1057 2749 1146 2811 illam
1160 2749 1279 2829 cogite-

149 2834 270 2910 tionem
286 2849 400 2910 animis
414 2837 585 2928 legentium
600 2848 713 2928 infigit,
731 2849 763 2909 in
780 2868 844 2928 qua
859 2847 1168 2928 magnificentissime
1182 2849 1281 2911 nostri

148 2965 234 3026 saepe
250 2953 391 3009 oratores
407 2965 444 3008 ac
458 2953 560 3026 poetae
575 2952 647 3008 sunt
659 2946 774 3009 morati
790 2965 798 3009 ε

293 3137 357 3191 lam
370 3140 444 3204 turn,
458 3152 525 3190 cum
538 3136 629 3193 Graiae
644 3139 790 3192 verterunt
805 3139 947 3208 Pergama
961 3141 1073 3208 gentes,

290 3219 392 3271 Arctos
405 3217 433 3270 et
446 3214 531 3270 Orion
547 3215 673 3272 adversis
688 3215 832 3271 frontibus
847 3215 927 3271 ibant
930 3255 985 3270 .....

291 3296 490 3366 Temporaque
502 3297 631 3353 obscurae
645 3295 735 3350 noctis
749 3294 926 3365 deprendere
941 3293 1030 3365 signis

292 3375 355 3429 lam
369 3377 513 3446 poterant,
530 3377 688 3446 caelumque
704 3390 772 3429 suas
788 3372 958 3428 distinxerat
970 3373 1069 3428 horas.

293 3453 369 3518 Quot
381 3457 448 3526 post
462 3455 617 3517 exscidium
631 3454 723 3526 'lrojae
738 3455 806 3508 sunt
821 3456 904 3507 eruta
915 3450 1030 3524 regna?

293 3531 368 3596 Quot
383 3534 459 3606 capti
474 3534 595 3607 populi?
610 3535 724 3606 quoties
736 3533 854 3589 fortuna
867 3548 920 3604 per
937 3532 1038 3588 orbern

294 3611 448 3669 Servitium
462 3614 674 3686 imperiumque
689 3614 755 3669 tulit
769 3613 903 3686 varieque
917 3612 1054 3668 revertit?

272 3751 274 3754 ,
292 3693 430 3764 Troianos
446 3694 556 3749 cineres
568 3695 595 3748 in
610 3698 753 3766 quantum
768 3693 860 3749 oblita
874 3692 977 3748 refovit

291 3771 471 3844 Imperium?
485 3773 553 3828 fatis
567 3773 642 3828 Asiae
656 3775 718 3844 jem
733 3772 841 3828 Gracia
852 3788 953 3844 pressa
969 3776 1022 3827 est.

293 3849 404 3906 Saecula
419 3852 604 3909 dinumerare
616 3853 706 3924 piget,
722 3852 892 3924 quotiesque
906 3867 1060 3908 recurrens

293 3929 432 3988 Lustrarit
446 3932 588 3988 mundum
603 3932 680 3988 vario
696 3933 738 3988 sol
752 3932 855 4004 igneus
870 3931 950 3986 orbe.

292 4009 396 4066 Omnia
411 4010 529 4067 mortali
543 4015 691 4067 mutantur
703 4012 767 4083 lege
783 4013 890 4078 creata,

290 4087 347 4144 Nec
362 4105 392 4145 sc
407 4096 582 4164 cognoscunt
597 4094 681 4146 terrae
696 4090 874 4146 vertentibus
888 4089 982 4161 annis,

187 4298 209 4344 1.
224 4295 275 4354 iu„
292 4296 365 4359 ibid„
382 4300 425 4366 iv,
440 4302 555 4367 ses-ser,
568 4303 682 4354 ssi-ssu.

100 4441 106 4451 ,
162 4463 165 4470 Ι
225 4386 335 4443 Lissos.
