3184 5125
645 440 805 504 ..64-

154 579 259 636 tarent
278 572 382 638 otiosa
403 571 598 652 delicataque
618 572 756 652 ingenia,
780 573 834 636 scd
858 574 981 635 animos
1000 575 1165 636 hominum
1186 578 1283 641 falsos

156 673 317 742 docerent,
336 670 494 749 inquietos
509 676 669 749 pacarent.

194 770 271 830 Mihi
286 787 361 829 vero
381 767 444 828 tale
462 767 633 848 quidquam
655 768 688 828 in
706 769 826 830 Manilii
844 789 938 850 opere
957 772 1112 851 qnaerenti
1126 792 1281 855 nusquam

156 867 360 948 conspicitur.
371 868 530 938 Quatenus
543 867 625 926 enim
637 867 675 926 iis
689 866 782 928 iidem
794 868 940 930 habuerit
951 869 1064 948 quibus
1077 870 1172 931 tidem
1182 873 1283 935 lacere

155 966 294 1039 volebat,
312 983 362 1025 res
386 971 432 1025 est
453 964 538 1025 dictu
561 964 770 1026 difficillima:
787 965 899 1045 inqua
921 973 953 1027 et
973 987 1088 1044 negare
1109 969 1282 1050 quidquam

156 1071 186 1126 et
201 1064 345 1124 obtinere
364 1062 566 1123 temerarium
583 1063 622 1122 sit
641 1069 672 1123 et
689 1063 804 1125 audax.
819 1067 898 1124 Nam
916 1065 1002 1144 quod
1015 1084 1099 1146 saepe
1119 1068 1283 1130 verissima

155 1182 213 1224 nec
241 1161 431 1229 ullomodo
461 1160 635 1221 dubitanda
663 1180 695 1222 sc
725 1162 883 1240 explicare
912 1181 1009 1242 usque
1036 1163 1075 1223 ad
1104 1165 1283 1227 molestiam

154 1261 260 1332 iterat,
282 1258 357 1337 quid
375 1258 414 1318 ad
435 1261 524 1319 rem?
539 1258 596 1318 etsi
618 1258 684 1338 ipse
704 1258 795 1319 aliter
810 1278 877 1319 rem
898 1278 931 1319 sc
946 1260 1063 1320 habere
1083 1262 1202 1340 credat,
1219 1283 1282 1323 non

136 1351 248 1419 'aliter
272 1374 348 1416 sane
372 1354 530 1434 loquatur,
558 1374 717 1434 quamque
742 1374 806 1415 non
834 1356 952 1417 habeat
975 1356 1082 1429 fidem,
1108 1377 1140 1418 se
1168 1359 1282 1421 babere

155 1455 306 1516 simulet:
325 1453 409 1532 quod
427 1452 597 1512 admodum
615 1453 752 1531 primum
768 1453 941 1514 rhetorices
955 1455 1168 1515 rudimentum
1184 1462 1241 1519 est.

195 1553 286 1625 Item,
304 1569 381 1610 num
408 1549 563 1610 credentis
591 1556 749 1610 astrorum
766 1551 916 1631 potestati
934 1557 1008 1612 sunt
1030 1551 1063 1612 hi
1079 1571 1198 1628 versus,
1214 1556 1283 1634 qui-

155 1649 226 1725 bus,
245 1667 315 1728 quae
344 1647 421 1708 artis
449 1647 619 1708 vanitatem
642 1648 775 1726 prodere
795 1655 939 1727 possunt,
954 1668 992 1710 ea
1009 1649 1041 1709 in
1062 1659 1282 1728 argumentum

155 1746 297 1809 veritatis
319 1745 424 1818 vertit,
442 1763 574 1824 eamque
598 1763 723 1806 morum
748 1752 779 1807 et
808 1746 942 1808 lortunae
967 1747 1191 1823 diversitatem,
1212 1746 1284 1830 quae

155 1863 239 1924 saepe
254 1843 288 1903 in
302 1842 483 1904 hominibus
496 1843 607 1904 eodem
617 1849 758 1922 tempore
771 1845 852 1904 natis
865 1845 1127 1906 animadvertitur
1141 1849 1163 1921 1,
1177 1847 1284 1909 mixtis

156 1943 319 2021 signorum
340 1940 458 2001 viribus
477 1940 723 2018 interpretatur?
737 1943 849 2002 Utrum
869 1942 1036 2015 credentis,
1052 1942 1183 2022 inquam
1198 1951 1283 2023 sunt,

156 2058 198 2100 an
210 2040 337 2100 credere
353 2038 550 2098 simulantis?
566 2038 639 2110 Quis
655 2039 861 2118 pronuntiare
877 2038 969 2108 ausit,
981 2056 1053 2098 cum
1068 2039 1101 2098 in
1115 2046 1283 2121 utramque

156 2143 278 2217 partem
291 2135 488 2216 pronuntiari
503 2136 620 2216 possit?

198 2233 355 2307 Ceterum,
371 2240 405 2294 ut
427 2252 491 2294 non
517 2239 640 2294 tantum
664 2233 767 2293 verbis
790 2232 948 2311 loquentis
972 2239 1126 2312 quantum
1154 2252 1231 2295 voce
1253 2242 1283 2297 et

102 2343 106 2354 ’
157 2351 235 2420 sono
258 2331 426 2406 afficimur,
446 2331 491 2392 ita
510 2330 673 2392 scribentis
693 2331 834 2390 animum
850 2348 886 2390 ac
903 2336 1010 2409 pectus
1028 2349 1092 2391 non
1107 2331 1176 2411 ipsa
1189 2352 1281 2394 voca-

156 2429 233 2491 bula
247 2429 425 2500 recludunt,
439 2429 492 2489 sed
508 2429 612 2490 nescio
630 2429 699 2508 quis
714 2447 752 2488 ex
768 2429 853 2490 omni
868 2427 1096 2490 vocabulorum
1108 2429 1187 2490 serie
1203 2431 1285 2511 ignis

157 2528 296 2590 emicans
306 2533 337 2588 et
350 2527 447 2601 calor,
461 2545 555 2606 quem
566 2545 648 2607 saepe
659 2544 816 2605 nusquam
833 2525 994 2605 potissime
1005 2526 1284 2607 deprehendimus,

157 2627 273 2706 ubique
290 2632 397 2686 tamen
412 2625 574 2686 sentimus.
591 2627 689 2698 Quem
704 2624 850 2702 equidem
867 2624 1008 2684 veritatis
1022 2625 1109 2685 velut
1124 2644 1235 2685 sonum
1250 2628 1282 2687 in

156 2723 276 2785 Manilii
287 2723 426 2784 carmine
437 2722 546 2783 audire
557 2741 691 2801 nequeo
703 2722 809 2799 Friget
824 2740 899 2782 sane
911 2720 967 2781 illa
982 2721 1153 2782 caelestium
1168 2723 1282 2784 'virium

157 2821 338 2900 explicatio,
355 2838 412 2881 nec
437 2838 571 2899 usquam
595 2819 658 2880 ullo
683 2819 847 2881 scribentis
871 2826 949 2880 aestu
976 2820 1186 2880 accendimur.
1205 2822 1284 2882 Cum

156 2938 231 2981 vcro
246 2918 346 2979 vitam
363 2936 488 2980 omnem
510 2924 541 2979 et
560 2918 689 2997 ingenia
710 2917 876 2979 hominnm
895 2922 1052 2979 astrorum
1075 2918 1284 2981 dominationi

157 3016 321 3096 subjiciat,
346 3034 480 3095 cumque
502 3016 575 3075 inde
597 3017 774 3077 communis
802 3016 859 3077 illa
883 3022 914 3078 et
936 3017 976 3077 ab
1001 3016 1139 3095 antiquis
1167 3017 1284 3079 tradita

157 3114 284 3175 vivendi
303 3113 383 3175 ratio
402 3132 439 3173 ac
454 3112 619 3193 disciplina
636 3114 798 3174 immutari
815 3114 941 3186 debeat,
958 3120 993 3174 ut
1004 3114 1072 3193 J'am
1087 3120 1163 3174 vota
1177 3116 1284 3174 omnia

158 3217 189 3273 et
201 3230 272 3292 spes
287 3217 318 3271 et
332 3211 418 3271 uisus
432 3216 463 3271 et
478 3211 643 3271 arbitrium
658 3217 822 3289 ponentes,
835 3212 892 3269 toti
907 3210 939 3269 in
954 3209 1163 3289 dispiciendos
1178 3210 1282 3289 signo-

159 3328 229 3371 rum
255 3316 350 3370 nutus
364 3315 395 3369 ct
417 3308 450 3368 in
474 3308 685 3389 praeparanda
709 3306 781 3367 latis
806 3312 935 3385 pectora
957 3303 1188 3378 incumbamus,
1205 3306 1284 3366 nihil

159 3407 245 3468 aliud
267 3424 376 3467 curare
396 3406 541 3467 Manilius
561 3406 684 3466 videtur
706 3422 801 3483 quam
824 3408 860 3463 ut
882 3402 1106 3481 astrologicam
1128 3404 1284 3464 rationem

158 3504 291 3584 poeticis
312 3503 443 3565 vinculis
461 3503 613 3577 includat,
634 3509 665 3563 et
691 3502 821 3562 minima
841 3520 976 3581 qumque
996 3506 1091 3579 atquc
1111 3501 1284 3581 asperrima

158 3601 190 3661 in
206 3620 374 3662 numerum
389 3620 484 3681 quam
498 3600 728 3679 elegantissime
743 3599 881 3660 referat:
900 3616 976 3660 vera
995 3598 1103 3660 omnio
1122 3617 1187 3659 esse
1207 3618 1285 3660 sane

159 3698 274 3760 iterum
290 3705 384 3779 atque
399 3699 510 3759 iterum
525 3698 676 3772 clamans,
691 3703 830 3758 ceterum
846 3715 975 3757 securus
988 3696 1063 3776 quid
1078 3715 1154 3757 vcra
1169 3696 1228 3757 ista
1243 3697 1285 3758 ad

156 3795 383 3857 instituendam
398 3796 563 3857 hominum
577 3795 675 3855 vitam
697 3794 852 3854 momenti
866 3792 1016 3854 habeant.
1034 3794 1098 3854 Nisi
1115 3794 1198 3854 fortc
1213 3794 1287 3873 quis

157 3891 245 3955 brevi
259 3894 333 3955 huic
349 3900 380 3955 ct
395 3894 522 3971 frigenti
543 3892 770 3969 adhortationi,

410 4088 504 4127 ...sors
518 4074 561 4125 est
575 4086 626 4124 sua
640 4068 742 4140 cuique
757 4068 876 4123 ferenda
889 4068 910 4136 ²,

191 4248 213 4295 l.
226 4246 309 4305 Man,
322 4246 439 4307 Astron„
457 4246 500 4307 lV,
516 4246 561 4295 322
576 4258 636 4311 sqq.

191 4318 215 4367 2.
230 4318 347 4375 Astron„
362 4317 405 4379 lv,
417 4320 455 4366 22.
