3184 5125
804 457 965 519 ..74-

319 595 404 656 tibus
419 591 642 654 enumerandis
657 596 804 652 ostentet.
819 589 914 668 Cujus
929 569 1027 650 unum
1039 586 1221 668 exemplum
1240 592 1290 649 sat
1302 587 1364 650 crit
1383 608 1455 669 pro·

319 693 434 754 ducere
452 713 459 752 :

463 867 596 941 Lanigeri
612 883 678 939 pars
694 871 801 939 quarta
814 870 909 935 nocet,
926 882 980 922 nec
994 869 1077 922 sexta
1090 863 1213 922 salubris
1228 881 1236 920 ι

464 948 592 1020 Septima
606 963 659 1019 par
673 946 714 1002 illi
730 964 764 1003 ac
778 947 890 1002 decima
905 949 959 1016 est,
973 947 1152 1018 decimaeque
1164 943 1302 1001 secunde.

464 1029 590 1099 Quaeque
606 1027 678 1083 duas
695 1026 822 1099 duplicat
832 1043 974 1095 summas,
988 1031 1158 1100 septemque
1171 1040 1349 1096 novemque,

463 1107 582 1180 Unaque
596 1106 698 1179 viginti
713 1107 840 1162 numeris
854 1123 921 1178 pars
936 1108 1036 1163 addita
1051 1106 1141 1176 laedit,

462 1187 497 1243 Et
512 1187 615 1260 quinta
629 1190 658 1242 et
673 1186 775 1243 duram
790 1190 975 1243 consummat
988 1186 1112 1260 septima
1127 1188 1240 1258 partem
1254 1187 1276 1239 ¹.

360 1393 442 1452 Num
459 1409 534 1453 vero
554 1390 587 1451 in
607 1390 667 1452 hac
687 1409 792 1452 rerum
813 1391 902 1454 arida
921 1391 1101 1473 asperitate,
1121 1391 1294 1472 quidquam
1310 1389 1455 1450 versibus

321 1487 467 1564 arduum,
488 1495 544 1550 aut
563 1488 710 1549 scabrum
728 1489 831 1550 inest?
847 1490 905 1551 Sed
926 1509 989 1552 non
1009 1490 1104 1552 modo
1119 1490 1184 1550 leni
1204 1495 1314 1550 tenore
1337 1487 1450 1560 fluunt,

321 1586 385 1646 imo
405 1585 542 1647 rotundo
559 1585 717 1665 plenoque
737 1605 816 1648 sono
834 1606 869 1648 os
889 1587 1095 1649 declamantis
1112 1586 1246 1668 implent
1263 1585 1453 1665 inflantque.

324 1683 414 1744 Certe
428 1682 539 1762 quiite
553 1683 810 1744 mathematicam
825 1686 981 1748 rationem
997 1686 1028 1746 in
1043 1704 1192 1747 numeros
1206 1684 1340 1762 redegit,
1355 1683 1455 1744 mirus

321 1797 469 1842 varsumm
485 1780 599 1841 artifex
612 1786 659 1841 est
674 1781 889 1845 aestimandus.

878 2161 908 2228 ll

360 2387 448 2446 Nunc
464 2390 570 2445 autem
586 2404 657 2465 quae
673 2384 719 2444 rei
735 2382 934 2462 astrologicae
947 2381 1118 2462 voluptatis
1133 2400 1229 2442 causa
1250 2381 1454 2461 adsperserit,

322 2482 565 2561 consideremus,
587 2487 696 2563 postea
719 2480 893 2561 quaesituri,
914 2479 1029 2560 quibus
1047 2478 1152 2539 verbis
1171 2484 1202 2539 et
1221 2498 1285 2559 qua
1302 2481 1453 2542 orationis

322 2582 426 2645 forma
440 2586 471 2642 et
483 2600 548 2642 rem
565 2581 666 2661 ipsam
682 2587 713 2641 et
726 2585 914 2641 ornamenta
928 2579 1125 2659 expresserit.
1141 2578 1212 2639 lam
1228 2577 1457 2641 admonuimus

322 2678 569 2761 philosophiam,
586 2684 617 2739 et
635 2678 794 2739 interdum
814 2677 956 2748 stoicam,
974 2696 993 2737 a
1012 2680 1107 2756 poete
1126 2683 1311 2756 usurpatam
1328 2676 1424 2738 luisse
1444 2698 1451 2741 :

322 2796 416 2857 quem
437 2778 600 2837 rhetorum
627 2775 769 2836 omnium
792 2793 914 2836 moram
937 2774 1030 2835 luisse
1052 2774 1170 2835 Seneca
1195 2780 1287 2853 pater
1307 2780 1453 2836 testatur.

321 2874 439 2952 Nempe
461 2873 590 2952 quidam
610 2873 643 2931 in
663 2872 807 2933 suasoria
826 2871 1013 2932 brevitatem
1033 2871 1181 2931 humanm
1198 2872 1270 2932 vitae
1286 2871 1453 2934 luculentis

321 2970 471 3030 verbiset
484 2969 572 3030 triste
585 2969 770 3030 sonantibus
789 2968 945 3047 ponderat
962 2987 969 3030 :
987 2993 1003 3025 u
1018 2968 1102 3029 Nulli
1116 2973 1232 3031 natura
1247 2970 1280 3030 in
1299 2974 1452 3032 aeternum

321 3066 465 3147 spiritum
491 3066 589 3140 dedit,
614 3070 796 3144 statutaque
818 3066 1021 3126 nascentibus
1041 3066 1074 3126 in
1098 3066 1193 3128 finem
1218 3066 1290 3128 vitae
1309 3067 1376 3128 dies
1395 3074 1450 3130 est.

320 3163 484 3227 imbecilla
500 3163 585 3225 enim
605 3182 663 3224 nos
684 3162 819 3224 materia
840 3163 917 3224 deus
938 3182 1028 3225 orsus
1049 3171 1095 3225 est
1110 3164 1133 3225 ¹.
1152 3188 1167 3220 »
1181 3166 1216 3225 ln
1237 3166 1453 3226 controversie

321 3269 440 3342 autem,
458 3287 473 3319 ι(
497 3262 642 3324 Albutius
662 3266 692 3323 et
714 3260 958 3343 philosophatus
976 3267 1039 3337 est3
1063 3261 1141 3323 dixit
1161 3262 1319 3323 neminem
1341 3268 1453 3323 natum

321 3361 454 3423 liberum
479 3379 557 3436 esse,
581 3360 740 3423 neminem
763 3378 906 3437 servum;
930 3360 998 3420 haec
1026 3365 1138 3441 postea
1164 3360 1296 3421 nomina
1320 3359 1452 3439 singulis

321 3458 507 3538 imposuisse
526 3460 686 3519 fortunam
703 3460 726 3518 ³.
745 3482 760 3514 »
781 3461 844 3518 Nec
863 3476 900 3517 ea
920 3477 990 3537 quae
1011 3457 1051 3517 ad
1071 3475 1175 3518 mores
1194 3463 1225 3519 et
1243 3457 1341 3519 vitam
1361 3457 1453 3518 insti-

321 3555 472 3616 tuendam
496 3556 701 3636 pertinerent,
726 3554 818 3615 aliter
844 3554 987 3615 Manilius
1010 3559 1147 3616 tractare
1173 3574 1270 3635 quam
1295 3554 1453 3616 rhetorice

322 3652 446 3715 videtur
466 3671 473 3711 :
496 3671 686 3732 componere
710 3658 889 3727 contentus,
911 3671 982 3731 quae
1003 3653 1106 3713 verbis
1130 3653 1262 3729 niteant,
1283 3670 1453 3713 numerose

321 3750 447 3823 cadant,
472 3755 564 3811 acute
588 3750 815 3828 significentur,
842 3748 1045 3830 inopinanter
1065 3755 1346 3831 contraponantur.
1373 3752 1453 3811 Nam

320 3855 457 3911 veterem
470 3866 508 3909 ac
524 3847 630 3909 tritam
646 3847 685 3909 dc
700 3867 777 3911 auro
793 3853 824 3909 ct
838 3847 955 3909 divitiis
970 3847 1131 3927 querelam
1147 3853 1286 3922 revocat,
1300 3854 1455 3929 optatque

320 3952 367 4024 ut,
382 3944 508 4009 sublata
527 3946 672 4027 pecunia,
689 3946 818 4025 frugum
837 3951 961 4007 tantum
981 3946 1175 4027 mancipium
1190 3945 1372 4031 hominibus
1390 3946 1452 4007 sit:

351 4185 374 4235 l.
390 4184 493 4245 Manil,
507 4186 624 4245 Astron„
639 4186 682 4248 lV,
697 4189 744 4237 444
757 4191 785 4237 et
799 4201 859 4250 sqq.
874 4189 986 4238 lisdtl.

350 4255 375 4305 2.
391 4253 463 4315 San„
480 4255 570 4317 Suae,
586 4256 656 4318 11‚2⁰
673 4258 715 4307 ed.
729 4258 873 4321 Kiessling‚
890 4272 918 4321 p.
937 4260 975 4308 13.

351 4328 374 4377 ³.
389 4325 440 4386 ld.,
458 4324 591 4387 controv,
607 4327 662 4389 Vll,
676 4330 700 4391 6,
714 4341 741 4390 p.
755 4329 811 4377 ata.
