3184 5125
524 1384 679 1457 CAPUT
705 1384 892 1458 PRIMUM

337 1726 380 1773 DE
407 1724 537 1773 MANILII
562 1722 703 1791 NOMINE,
733 1722 860 1772 Genaua
886 1725 926 1772 ET
951 1726 1075 1775 AETATE.

703 2044 715 2109 Ι

185 2204 263 2264 Gum
278 2204 451 2264 multorum
468 2222 506 2264 ex
519 2202 656 2282 antiquis
672 2202 878 2281 scriptoribus
898 2221 996 2281 opera
1014 2209 1138 2265 tantum
1158 2204 1199 2264 ad
1215 2222 1273 2265 nos

143 2301 355 2382 pervenerint,
377 2319 478 2379 neque
505 2302 542 2361 de
567 2319 676 2362 eorum
704 2300 820 2361 vitaao
845 2300 987 2361 moribus
1008 2307 1040 2362 et
1059 2301 1184 2380 ingenio
1209 2302 1274 2364 ulla

144 2417 279 2479 usquam
295 2400 412 2460 mentio
423 2398 686 2477 investigantibus
701 2403 857 2472 occurrat,
867 2397 899 2457 id
910 2398 964 2458 uni
974 2399 1040 2460 fare
1049 2400 1180 2461 Manilio
1193 2400 1274 2462 aoei-

143 2496 200 2574 dit,
215 2503 250 2558 ut
264 2496 302 2558 de
317 2496 372 2557 illo
387 2495 478 2575 nihil,
495 2516 530 2559 aa
550 2515 590 2556 ne
610 2514 728 2557 nomen
745 2496 885 2576 quidam,
904 2502 1025 2558 constet
1047 2517 1055 2559 :
1074 2503 1109 2558 ut
1125 2517 1189 2558 non
1206 2504 1273 2559 tam

143 2601 238 2676 poeta
256 2595 373 2659 Velleio
391 2595 557 2656 Paterculo
577 2601 632 2656 aut
652 2595 688 2666 Q.
711 2593 832 2668 Curtio,
854 2613 950 2675 quam
973 2614 1088 2676 poema
1107 2597 1274 2676 anonymis

143 2692 206 2754 illis
219 2712 289 2774 quaa
306 2692 440 2772 legimus
455 2698 509 2753 aut
522 2692 601 2754 falso
617 2693 675 2754 suh
689 2691 844 2754 nobilium
857 2700 1023 2773 poetarum
1037 2693 1165 2755 nomine
1178 2693 1275 2754 laten·

144 2791 229 2851 tibus
243 2791 367 2871 seriptis
382 2791 448 2852 vioe
463 2790 599 2852 fortunae
614 2790 655 2851 sit
673 2790 934 2871 comparandum.

185 2891 263 2949 Nam
283 2888 371 2950 nullo
393 2888 468 2949 satis
488 2895 573 2950 certo
594 2888 710 2950 indicio
728 2888 893 2968 vulgatum
915 2888 994 2951 illud
1018 2887 1138 2949 Manilii
1159 2907 1274 2951 nomen

145 2986 335 3048 defenditur.
360 2986 432 3048 Sive
458 2987 540 3047 enim
567 2985 706 3046 Mallium
740 2987 805 3048 aive
830 2987 985 3048 Manlium
1018 2987 1082 3049 sive
1111 2986 1274 3048 Manilium

145 3090 274 3164 poetam
289 3084 411 3145 codices
424 3085 454 3143 in
471 3083 562 3144 titulo
579 3078 815 3145 Astronomioon
834 3085 1020 3165 inscriptum
1041 3084 1194 3159 habent¹‚
1210 3103 1275 3153 non

145 3201 184 3243 ea
204 3187 344 3242 veterum
364 3181 544 3243 testimonio
564 3181 675 3243 nititur
693 3182 879 3262 appellatio,
897 3183 1132 3262 recentiumque
1156 3181 1273 3242 scriba·

145 3299 217 3341 rum
232 3279 420 3360 conjecturis
435 3280 622 3360 imputanda
638 3285 695 3354 est,
706 3280 760 3359 qui
775 3280 825 3341 vel
840 3279 982 3341 Gerberti
995 3282 1034 3338 M.
1047 3279 1166 3339 Manilii
1177 3279 1274 3338 libros

147 3378 185 3438 de
202 3378 374 3458 astrologia
387 3378 545 3458 petentis¹
561 3378 594 3438 in
608 3376 752 3458 epistola,
769 3377 821 3437 vel
835 3375 927 3435 Plinii
947 3394 1011 3436 non
1025 3393 1124 3434 unum
1137 3374 1276 3436 astrolo-

146 3476 205 3555 giae
226 3476 366 3536 deditum
386 3475 547 3537 Manilium
568 3475 685 3556 passim
705 3473 877 3548 laudantis,
894 3472 943 3535 vel
965 3471 1130 3534 Claudiani
1148 3491 1274 3554 quoque

146 3572 244 3633 Mallii
262 3573 420 3635 Theodori
443 3574 548 3635 studia
569 3580 601 3634 et
624 3573 741 3653 scripta
763 3571 922 3635 efferentis
944 3571 1153 3633 meminerint.
1176 3573 1273 3632 Nemo

147 3689 222 3732 sane
242 3677 316 3734 ante
337 3677 459 3733 sextum
483 3671 640 3733 decimum
659 3670 801 3733 seculum
821 3669 939 3732 Manilii
960 3676 1016 3732 aut
1034 3669 1142 3731 Manlii
1160 3688 1276 3731 noman

146 3767 299 3829 librorum
315 3768 412 3829 fronti
426 3767 618 3849 inscripsisse
639 3767 773 3848 videtur,
791 3768 886 3847 idque
901 3786 965 3829 non
986 3766 1137 3829 traditum
1158 3785 1177 3826 a
1191 3771 1275 3826 veta-

146 3866 245 3939 ribus‚
259 3865 313 3927 sed
331 3866 544 3929 areoentibus
560 3865 693 3928 electum
714 3864 802 3927 nulla
816 3865 1004 3927 auctoritate
1023 3863 1274 3937 commendatur,

146 3964 405 4045 argumentisque
419 3963 673 4027 confirmandum
688 3970 746 4044 est,
762 3982 834 4045 quae
850 3962 979 4042 quidem
996 3961 1116 4022 desunt.

179 4161 200 4209 l.
218 4161 340 4224 Bechert,
355 4163 394 4212 De
405 4162 440 4211 M.
453 4161 559 4212 Manilii
573 4161 731 4212 emendandi
745 4161 857 4211 ratione.
872 4161 977 4224 Lipsiae,
994 4159 1064 4222 1878,
1076 4174 1101 4223 p.
1116 4161 1139 4221 5,
1153 4161 1182 4210 M
1198 4163 1225 4210 et
1239 4159 1280 4210 ll.

144 4255 177 4268 -
191 4232 289 4292 Freier‚
307 4233 343 4282 De
358 4234 394 4282 M.
404 4232 511 4283 Manilii
525 4247 582 4299 qua
599 4235 724 4297 seruntur
740 4233 938 4283 Astronomieon
952 4234 1037 4284 atate.
1052 4231 1194 4295 Gottingae,
1207 4230 1277 4293 1880,

147 4302 206 4422 Ιλ23.
218 4304 325 4437 Mision
338 4389 379 4438 op.
396 4374 424 4434 l,
442 4389 467 4438 p.
483 4377 506 4424 3.
