3184 5125
787 419 949 484 ..52-

302 563 367 626 vim
386 559 487 622 inesse
508 557 691 636 arbitretur,
713 574 784 636 quoe
807 553 1003 616 Lucretianis
1024 552 1088 614 illis
1111 553 1267 615 flammeis
1288 553 1437 616 versibus

302 663 517 740 comparetur.

341 760 443 838 Atque
462 754 541 815 illud
563 753 703 831 legentes
722 750 832 812 fallere
854 769 919 811 non
938 754 1054 830 potest,
1071 767 1136 810 non
1156 748 1259 810 multo
1281 749 1386 828 magis
1399 752 1437 812 in

301 853 475 932 astrologia
485 869 580 931 quam
592 850 625 910 in
638 849 835 911 astronomia
848 847 1024 927 intelligere
1036 845 1211 908 Manilium.
1226 849 1308 908 Nam
1321 849 1436 911 Graios

303 971 383 1034 quos
402 951 543 1030 sequitur
561 955 592 1009 et
614 947 729 1028 saepius
747 946 836 1027 sequi
854 964 887 1006 se
908 951 1046 1007 ostentat
1065 952 1212 1006 auctores
1224 946 1248 1019 ¹,
1264 946 1381 1007 accidit
1400 953 1438 1008 ut

303 1068 447 1130 perverse
467 1048 701 1127 interpretetur,
717 1063 824 1104 rerum
847 1062 961 1122 parum
981 1043 1132 1123 prudenS,
1152 1062 1189 1104 ac
1209 1043 1314 1104 verbis
1334 1043 1436 1106 inter·

303 1149 381 1208 dum
397 1146 555 1224 deceptus.
573 1144 608 1203 ln
624 1143 716 1204 tertio
732 1143 815 1202 enim
832 1141 925 1220 libro,
940 1160 1012 1202 cum
1031 1141 1124 1202 docet
1138 1159 1203 1220 qua
1213 1141 1338 1203 ratione
1350 1142 1436 1204 inve·

304 1245 367 1306 uiri
390 1243 490 1325 possit
517 1247 671 1321 quantum
692 1239 845 1319 temporis
862 1239 1019 1318 cujusque
1039 1238 1120 1316 signi
1140 1243 1228 1300 ortus
1251 1247 1433 1316 consumat,

304 1341 555 1422 nonsuspieatur
566 1339 614 1400 his
629 1357 661 1400 se
672 1338 818 1400 eamdem
832 1337 986 1398 rationem
994 1335 1238 1397 mutatisverhis
1247 1337 1393 1399 indicare
1402 1339 1435 1400 ²:

305 1448 340 1502 ut
363 1440 498 1501 duorum
520 1437 656 1498 invicem
679 1442 844 1496 auctorum
868 1433 1030 1496 vocabulis
1055 1435 1197 1494 insistere
1218 1435 1374 1514 videatur,
1395 1455 1434 1496 ne

305 1537 380 1618 quid
397 1536 533 1612 omittat,
543 1533 688 1595 eamdem
705 1552 724 1593 a
739 1533 862 1593 duobus
876 1551 944 1594 rem
959 1532 1130 1610 significari
1143 1551 1206 1593 non
1222 1540 1433 1596 commentus.

305 1634 396 1708 Quod
411 1651 485 1693 vero
502 1631 605 1711 majus
619 1638 676 1705 est,
693 1630 727 1690 in
741 1630 852 1690 eadem
867 1636 969 1710 parte,
987 1630 1160 1709 eademque
1175 1630 1214 1690 de
1230 1649 1273 1702 re,
1292 1649 1358 1692 non
1373 1651 1436 1692 sus

304 1733 438 1812 pientur,
451 1747 548 1808 quam
559 1728 713 1790 rationem
727 1727 823 1807 paulo
835 1733 908 1788 ante
921 1732 956 1787 ut
971 1746 1103 1807 pravam
1118 1727 1353 1807 falsamque‘(et
1367 1735 1436 1790 erat

303 1827 445 1910 quidem)
461 1827 645 1899 confutavit,
660 1845 697 1886 ea
711 1825 792 1904 ipsa,
809 1825 939 1886 mutatis
953 1825 1068 1900 verbis,
1082 1845 1114 1886 se
1128 1826 1273 1905 protinus
1287 1827 1344 1901 uti,
1362 1833 1433 1888 tan-

306 1945 401 2009 quam
411 1945 498 2003 vera,
510 1925 550 1985 ab
564 1942 662 2003 eaque
673 1923 714 1984 ad
725 1923 964 1985 monstrandam
975 1923 1060 1985 viam
1074 1923 1264 2004 principium
1275 1943 1399 1986 sumere
1410 1927 1434 1987 ³.

345 2026 507 2103 Nusquam
522 2029 628 2083 tamen
642 2021 831 2100 quantulum
841 2021 874 2080 in
885 2021 1075 2100 astrologica
1086 2022 1220 2082 scientia
1231 2021 1433 2102 intelligeret,

305 2121 488 2203 praeclarius
510 2125 618 2182 noster
639 2118 827 2199 significavit
851 2138 947 2199 quam
971 2138 1043 2180 cum
1068 2118 1208 2181 eaelestie
1234 2119 1291 2179 illa
1313 2120 1442 2204 templa·

307 2219 480 2299 descripsit,

449 2379 500 2435 Cui
514 2379 592 2449 parti
606 2395 713 2434 noman
728 2377 834 2450 posuit,
850 2377 901 2450 qui
915 2377 1043 2432 condidit
1053 2381 1157 2445 artem,

449 2457 604 2529 Oototopos
614 2459 636 2512 Ι.

348 2635 460 2699 Omnia
485 2636 568 2696 enim
592 2635 636 2695 ihi
665 2654 831 2715 perperam
860 2635 1043 2709 collocavit,
1060 2635 1106 2695 ita
1134 2653 1285 2696 converso
1310 2634 1432 2708 ordine,

307 2739 341 2793 ut
359 2734 438 2794 ratio
454 2734 522 2812 jam
544 2752 608 2795 non
628 2739 750 2794 constet
770 2739 899 2813 totaque
919 2734 963 2794 rei
982 2732 1060 2793 fides
1077 2738 1245 2793 evertatur,
1263 2735 1343 2793 Nam
1357 2751 1433 2814 qua·

306 2836 379 2890 tuor
402 2830 531 2908 signetis
555 2849 634 2910 quos
655 2837 748 2891 vocat
768 2830 1050 2904 mundicordium,
1074 2849 1210 2910 quorum
1234 2830 1261 2891 is
1285 2838 1332 2891 est
1356 2831 1433 2891 ordo

204 2924 208 2934 “
306 2931 338 2985 et
368 2925 466 2999 locus,
487 2932 522 2986 ut
548 2946 627 2986 unus
655 2927 686 2985 in
718 2926 835 2987 caelesti
862 2926 937 2987 orbe
965 2947 1028 3008 qua
1055 2928 1253 2988 horizontem
1282 2933 1368 2990 secat
1394 2928 1434 2988 ad

304 3029 423 3097 ortum,
444 3022 524 3083 alter
548 3023 586 3084 ed
611 3041 757 3083 oceasum
783 3024 954 3102 contrasit
973 3024 1106 3105 positus,
1123 3027 1234 3086 tertius
1254 3044 1329 3086 vero
1349 3044 1433 3086 sum·

306 3139 405 3195 mum,
422 3127 553 3201 quartus
569 3121 668 3184 imum
688 3120 796 3181 orbem
820 3127 936 3196 teneat,
953 3128 1092 3203 quatuor
1111 3123 1193 3183 inter
1213 3123 1270 3183 hos
1289 3123 1434 3184 cardines

305 3219 472 3282 intervalla
493 3219 645 3299 praecipui
669 3220 824 3280 momenti
837 3239 903 3280 esse
925 3220 958 3280 in
978 3221 1205 3282 mathematica
1229 3221 1354 3281 ratione
1376 3220 1432 3281 ad-

306 3324 424 3380 monet.
441 3319 545 3379 Unum
561 3317 645 3380 enim
658 3317 838 3397 pueritiam,
854 3318 988 3379 alterum
1002 3318 1315 3397 juventam,tertium
1331 3325 1432 3378 matu-

307 3434 358 3477 ros
378 3434 487 3489 annoS,
509 3416 809 3496 quartumdenique
824 3421 984 3476 senectam
1006 3416 1097 3493 regit.
1120 3416 1225 3477 Cuivis
1246 3421 1353 3476 autem
1377 3416 1449 3477 erit*

305 3512 518 3593 perspicuum,
533 3532 604 3574 cum
620 3512 752 3573 caelestis
767 3512 854 3573 orbis
868 3520 1019 3581 vertatur,
1035 3513 1165 3594 ejusque
1181 3513 1312 3592 singulae
1328 3518 1433 3593 partes

306 3608 437 3687 singulis
458 3608 545 3670 horae
571 3609 738 3671 momentis
763 3629 861 3690 supra
883 3610 1079 3671 horizontem
1107 3616 1271 3688 surgentes
1300 3609 1434 3671 orientia

303 3706 399 3767 simul
411 3705 535 3783 singula
554 3713 639 3769 astra
653 3708 766 3780 ferant,
786 3726 913 3769 necesse
932 3727 999 3769 esse
1017 3715 1052 3769 ut
1069 3709 1243 3770 intervallis
1264 3709 1363 3769 vitam
1384 3726 1434 3768 re-

337 3878 359 3924 t.
376 3874 539 3925 Dorotheum
555 3875 697 3925 Sidonium
713 3876 790 3926 aiunt
804 3876 900 3927 ducem
916 3876 1026 3926 Manilio
1041 3876 1179 3927 adfuisse:
1194 3876 1282 3927 multa
1295 3880 1387 3927 tamen
1400 3888 1430 3926 ea

303 3945 460 4010 discrepant
474 3945 502 3994 in
517 3946 615 4010 quibus
627 3946 777 3997 Dorotheus
792 3947 913 4009 singulas
927 3951 1022 4011 gentes
1036 3961 1067 3997 ac
1083 3948 1208 4009 regiones
1223 3947 1339 4009 singulis
1353 3947 1432 3999 astris

303 4016 461 4077 dividit,‚ah
475 4015 518 4066 his
534 4030 595 4081 qum
610 4018 703 4067 eedem
720 4017 754 4067 de
769 4032 798 4067 ro
813 4018 923 4083 scripsit
938 4018 1085 4069 Manilius:
1101 4031 1189 4082 neque
1207 4017 1292 4067 ullum
1305 4019 1388 4068 olium
1404 4018 1431 4066 in

306 4089 433 4138 Dorothei
447 4089 567 4153 reliquiis
583 4092 670 4139 locum
685 4090 786 4153 inveni,
798 4104 878 4152 quem
894 4091 1020 4141 Manilius
1034 4091 1157 4140 imitatus
1171 4104 1232 4140 esse
1242 4090 1307 4153 jure
1319 4091 1430 4140 dicotur.

336 4159 360 4206 2.
376 4157 456 4219 Man,
471 4159 585 4216 Astron„
601 4160 645 4220 ΙΙΙ,
658 4161 703 4209 395
718 4174 788 4223 sqq..
805 4165 832 4209 et
846 4162 891 4211 tis
906 4174 965 4223 sqq.

338 4230 360 4277 3.
374 4227 422 4284 ld„
434 4227 509 4286 ibid„
526 4229 570 4293 ΙΙΙ,
585 4230 630 4279 218
645 4243 714 4293 sqq,
730 4234 757 4279 et
771 4232 816 4279 483
830 4245 890 4294 sqq,

337 4299 362 4347 Ι.
377 4297 426 4355 ld.‚
439 4297 514 4357 ibid„
529 4300 561 4361 ΙΙ,
577 4300 631 4350 968.
648 4298 686 4349 Gl.
702 4301 965 4365 Bonane-hedered,
977 4315 1019 4365 op.
1036 4301 1066 4364 Ι.,
1081 4302 1102 4364 Ι,
1117 4304 1173 4352 2⁰5.
