3184 5125
816 455 976 518 „64-

329 595 405 664 rest,
419 591 491 651 cu'm
506 590 547 650 ab
562 595 718 650 astrorum
736 589 884 650 societate
900 589 985 663 tiela,
999 607 1134 670 quaeque
1148 607 1182 649 re
1197 607 1262 649 non
1278 596 1335 665 est,
1353 609 1463 652 mores

331 688 495 749 hominum
510 687 648 767 pendere
667 686 762 747 velit?

370 785 430 848 Sed
451 805 489 846 ne
511 785 757 865 imprudentiam
778 785 1056 864 ignorantiamque
1079 785 1244 865 culpemus
1267 805 1274 847 :
1297 785 1378 847 illud
1400 806 1462 848 an-

329 891 393 946 tem
410 903 475 945 non
493 882 677 964 imprudens
693 883 887 965 ignarusque
911 883 1046 965 scripsit,
1070 883 1155 962 quod
1177 887 1241 944 non
1265 883 1363 945 semel
1390 886 1472 946 ani-⁴

328 981 566 1054 madvertimus,
586 981 612 1041 si
631 981 759 1060 quando
777 1000 841 1042 non
859 987 1086 1043 consenserunt
1104 981 1255 1060 astrologi
1275 987 1306 1042 et
1326 982 1380 1042 alii
1397 983 1462 1044 alia

327 1078 444 1141 dixere.
463 1078 623 1151 Ouidium
638 1078 807 1140 Manilius?
821 1082 934 1140 Noster
946 1098 1021 1140 sane
1039 1078 1131 1140 haesit
1144 1097 1181 1139 ac
1196 1078 1365 1154 dubitavit,
1381 1081 1461 1160 quid

328 1176 469 1257 eligeret,
486 1181 517 1237 et
532 1195 625 1256 quem
642 1182 836 1257 sequeretur.
855 1177 996 1256 Cumque
1013 1196 1078 1238 non
1099 1182 1164 1238 tam
1182 1176 1228 1238 rei
1247 1176 1285 1237 de
1305 1196 1370 1258 qua
1393 1178 1459 1239 dis-

328 1274 524 1354 ceptabatur,
552 1274 671 1354 peritus
700 1280 790 1350 esset,
819 1281 852 1335 ut
876 1274 1071 1356 sapientibus
1099 1273 1321 1336 dissidentibus
1347 1295 1460 1336 verum

327 1391 426 1434 unum
445 1372 527 1434 inter
548 1371 650 1432 multa
672 1391 707 1433 ac
732 1373 891 1434 contraria
910 1378 1097 1448 secerneret,
1115 1371 1193 1433 nihil
1216 1372 1332 1447 omisit,
1350 1375 1460 1434 omnia

328 1471 459 1550 aceepit,
477 1489 578 1549 neque
597 1469 674 1548 quid
693 1471 798 1549 potins
813 1477 895 1532 esset
914 1470 1096 1549 eligendum
1111 1470 1273 1532 indicavit.
1292 1471 1343 1532 Sic
1358 1471 1457 1545 enim,

327 1567 403 1627 dum
423 1567 530 1627 omnia
551 1574 715 1645 percenset
735 1567 885 1647 equibus
905 1569 1007 1629 omnis
1027 1569 1224 1629 nascentium
1243 1568 1309 1629 vita
1327 1569 1459 1648 pendet,

328 1682 385 1725 sua
409 1663 505 1740 signis
529 1668 674 1744 tempora
697 1664 816 1739 reddit,
846 1665 1057 1746 describitque
1086 1684 1233 1746 quaenam
1256 1665 1290 1725 in
1315 1666 1459 1744 singulos

325 1761 500 1822 viventium
517 1779 617 1822 annos
631 1767 662 1821 et
678 1780 801 1823 menses
816 1770 846 1823 et
867 1763 933 1823 dies
952 1769 984 1824 et
1003 1764 1098 1825 horas
1118 1763 1331 1825 dominentur.
1347 1765 1459 1844 Aperit

328 1865 434 1920 autem
449 1859 587 1939 primum
603 1858 675 1920 vitae
690 1878 810 1921 annum
826 1861 893 1940 ejus
908 1860 989 1938 signi
1009 1880 1087 1935 esse,
1102 1861 1191 1941 eujus
1205 1862 1238 1922 in
1257 1861 1372 1922 linibus
1387 1862 1459 1943 ipso

327 1957 522 2018 nascentium
544 1961 685 2037 tempore
710 1957 757 2019 sol
783 1965 935 2037 moretur,
956 1959 1094 2039 primum
1120 1978 1259 2020 mensem
1284 1959 1351 2039 ejus
1374 1979 1456 2038 esse,

327 2054 416 2134 cujus
440 2055 472 2114 in
499 2054 627 2132 regione
654 2055 730 2116 luna
751 2057 975 2136 conspiciatur,
1003 2058 1123 2137 primos
1148 2057 1214 2118 dies
1241 2062 1335 2137 atque
1359 2057 1458 2119 horas

327 2152 496 2232 horoscopi
517 2153 624 2214 tutelae
648 2153 804 2215 committi
820 2154 843 2214 ¹.
868 2155 909 2214 At
933 2161 1102 2235 postquam
1125 2155 1171 2216 ita
1191 2173 1241 2215 res
1265 2156 1456 2235 composuit,

327 2251 459 2311 alteram
479 2250 685 2330 computandi
708 2252 804 2324 viam,
828 2270 958 2332 prorsus
981 2251 1166 2313 dissimilem
1192 2271 1250 2313 nec
1272 2252 1373 2313 ullum
1398 2254 1456 2314 aevi

327 2354 523 2408 momentum
538 2347 647 2409 iisdem
664 2348 756 2410 astris
772 2349 965 2426 credentem,
987 2350 1114 2431 expedit
1131 2369 1138 2410 :
1158 2368 1215 2429 per
1232 2369 1329 2431 quam
1348 2352 1455 2411 omnia

327 2443 367 2504 ab
387 2444 564 2523 horoscopo
584 2445 751 2519 ducuntur,
773 2447 957 2526 primusque
978 2453 1010 2508 et
1028 2466 1130 2508 annus
1151 2453 1182 2507 et
1202 2449 1318 2508 mensis
1338 2453 1370 2508 et
1391 2448 1455 2511 dies

326 2547 357 2604 et
384 2542 463 2604 hora
489 2541 591 2621 signo,
621 2544 705 2625 quod
734 2548 803 2605 tum
831 2545 967 2620 oriatur,
997 2551 1194 2621 asseruntur,
1224 2565 1260 2608 ac
1288 2553 1455 2627 sequentes

326 2641 472 2721 deinceps
497 2642 699 2721 sequentibus
714 2642 736 2702 ².
758 2644 820 2703 Nec
845 2662 942 2704 unam
968 2644 1068 2705 altera
1091 2644 1255 2705 meliorem
1279 2644 1365 2704 viam
1387 2664 1453 2706 esse

326 2739 453 2818 fatetur,
475 2740 531 2799 sed
554 2739 644 2799 nohis
668 2739 753 2818 quod
780 2738 858 2812 libet
877 2741 1053 2821 accipiendi
1074 2742 1259 2803 facultatem
1284 2742 1449 2821 permittit.

326 2838 504 2913 Rursusque
523 2855 609 2909 mox,
627 2836 785 2897 celebrata
800 2838 938 2915 graviter
952 2838 1114 2917 signorum
1130 2839 1325 2919 tropicornm
1342 2846 1452 2920 poten·

325 2932 378 3002 tia,
397 2950 506 2992 eorum
521 2933 640 2994 scilicet
653 2933 686 2992 in
707 2932 823 3011 quibus

718 3118 858 3182 Quattuor
873 3120 943 3176 anni

573 3199 716 3270 Tempora
729 3202 889 3270 vertuntur,

323 3383 439 3453 verque
467 3374 604 3437 hiemem
626 3376 751 3457 excipit,
774 3382 868 3438 aestas
893 3396 960 3455 ver,
982 3385 1153 3439 autumnus
1177 3383 1330 3451 aestatem,
1349 3377 1450 3438 hiems

324 3470 457 3549 denique
484 3478 683 3549 autumnum,
701 3480 871 3553 postquam
892 3475 1081 3554 significavit
1104 3494 1168 3537 non
1192 3476 1225 3535 in
1248 3475 1324 3536 totis
1347 3475 1448 3536 conti·

323 3568 393 3626 nuis
412 3567 508 3645 signis
527 3570 676 3631 transitus
691 3570 762 3633 illos
781 3577 963 3651 temporum
983 3573 1062 3648 fieri,
1080 3573 1134 3634 sed
1154 3574 1187 3633 in
1208 3592 1271 3633 una
1290 3591 1447 3653 quemque

322 3663 517 3741 singulorum
540 3673 640 3745 parte,
657 3675 692 3729 ut
711 3668 825 3731 Arietis
849 3688 914 3730 non
935 3675 1037 3731 totum
1057 3670 1199 3749 signum,
1216 3671 1272 3731 sed
1289 3689 1353 3730 una
1375 3676 1447 3730 tan·

322 3767 389 3823 tum
411 3780 485 3841 pars
507 3782 563 3824 ver
583 3784 641 3843 pro
665 3766 767 3827 hieme
792 3767 950 3846 subjiciat,
973 3786 1038 3829 non
1061 3768 1212 3841 declarat,
1234 3787 1307 3848 quae
1331 3768 1372 3827 sit
1392 3766 1445 3826 illa

319 3878 404 3939 pars,
427 3878 498 3939 quae
523 3866 610 3922 tanta
634 3869 760 3925 moveat
780 3865 950 3943 trahatque
973 3871 1039 3926 tam
1059 3866 1171 3944 gravia
1192 3884 1200 3927 τ
1221 3865 1277 3926 sed
1301 3883 1373 3926 cum
1394 3862 1444 3923 alii

319 3956 358 4019 de
388 3958 448 4020 hac
476 3977 510 4020 re
538 3958 630 4021 aliter
655 3962 820 4035 senserint,
841 3962 964 4023 diversa
992 3962 1099 4043 prodit
1129 3985 1136 4023 :
1166 3963 1212 4024 ita
1240 3970 1276 4025 ut
1306 3963 1446 4023 hareant

320 4055 471 4136 legentes
489 4076 545 4120 nec
558 4077 667 4119 verum
683 4067 847 4139 appareat.

351 4239 375 4289 l.
390 4238 505 4299 Astron,
521 4242 563 4299 ΙΙΙ,
581 4243 635 4291 510.

350 4311 375 4360 2.
390 4308 467 4367 leid,
484 4310 529 4373 lll,
544 4314 598 4362 537.
