3184 5125
814 415 975 479 ...34-

469 558 504 611 Et
517 557 631 611 mutant
644 554 754 611 uariam
766 552 871 609 faciem
884 568 936 626 per
950 552 1057 607 saecula
1070 552 1179 623 gentes.

469 637 506 692 llt
519 638 618 691 manet
631 633 781 689 incolumis
796 633 932 699 mundus,
949 647 1058 702 suaque
1070 629 1169 685 omnia
1182 631 1293 697 servat3

471 715 540 780 Quae
556 731 608 770 nec
622 716 711 785 longa
726 713 787 769 dies
803 714 890 785 auget
904 710 1043 766 minuitve
1055 712 1186 765 senectus
1188 748 1243 764 .....

468 797 549 852 Idem
564 810 680 863 semper
694 794 760 861 erit,
776 791 915 865 quoniam
930 807 1045 863 semper
1058 790 1113 844 fuit
1128 788 1216 844 idem.

457 876 531 931 ¹Non
547 875 635 929 alium
648 874 746 930 ridere
759 877 866 945 patres,
882 871 1008 927 aliumve
1023 873 1142 941 nepotes

467 954 642 1026 Adspicieul.
659 956 734 1009 Deus
750 951 857 1024 estqui
872 968 931 1007 non
946 954 1077 1005 mutatur
1090 950 1119 1004 in
1135 966 1194 1005 aevo
1210 952 1231 1004 ¹.

325 1141 455 1222 Ecquid,
472 1140 615 1220 iuquam,
633 1140 765 1202 stoicum
781 1140 825 1201 ibi
837 1139 986 1218 reperias,
1002 1138 1063 1199 nisi
1084 1138 1150 1218 ipse
1169 1136 1358 1198 inserueris?
1371 1137 1450 1211 Quin

325 1245 445 1300 attente
468 1239 668 1321 perspicienti
690 1258 794 1300 nonne
816 1237 944 1299 cuilibet
971 1236 1072 1315 magis
1093 1254 1131 1297 ea
1151 1235 1247 1295 verba
1269 1236 1450 1297 convenisse

324 1343 468 1416 apparet,
484 1356 580 1417 quam
596 1337 805 1398 stoicoiNam
820 1355 885 1397 non
900 1334 1107 1396 aeternitatem
1123 1334 1206 1395 hanc
1218 1333 1448 1395 immutabilem

324 1435 496 1495 decernunt
511 1434 601 1495 stoici
617 1434 727 1494 mundi
744 1440 775 1493 ct
790 1441 947 1494 astrorum
966 1431 1147 1512 compagini
1164 1448 1171 1492 ε
1189 1450 1373 1512 persuasum
1392 1450 1448 1493 au-

322 1538 388 1591 tem
407 1531 528 1592 habent
550 1553 565 1589 u
583 1530 694 1604 solem,
711 1532 832 1609 lunam,
849 1530 956 1591 stellas
976 1549 1096 1604 omues,
1110 1536 1241 1602 terram,
1258 1548 1356 1602 mare,
1374 1531 1450 1591 deos

323 1647 426 1690 esse...
439 1648 446 1689 :
459 1629 526 1690 lore
539 1634 647 1689 tamen
662 1628 836 1707 aliquando
846 1634 882 1689 ut
896 1628 999 1688 omnis
1012 1628 1063 1688 bic
1078 1628 1214 1689 mundus
1227 1628 1338 1689 ardore
1354 1628 1450 1690 defla-

322 1734 391 1803 grat
402 1726 424 1787 ¹.
443 1750 458 1781 »
475 1728 694 1786 Humerorum
708 1726 835 1805 quidem
848 1726 1056 1805 imperiorum
1076 1725 1198 1805 aliquot
1212 1724 1329 1786 saecula
1343 1732 1447 1787 ortum

322 1842 532 1903 occasumque
551 1824 816 1904 complectuntur,
837 1824 952 1885 saecula
969 1830 1075 1884 autem
1097 1824 1262 1885 innumera
1280 1842 1345 1883 non
1364 1824 1449 1887 bunc

320 1922 429 1983 forsan
449 1929 634 1983 consument
651 1924 760 1983 orbem
784 1939 792 1983 :
817 1922 892 1999 quid
912 1941 988 1983 vero
1008 1921 1114 1981 stoicis
1132 1926 1257 1981 centum
1284 1927 1339 1981 aut
1363 1923 1449 1984 mille

321 2019 456 2081 saecula?
476 2020 530 2100 qui
546 2020 720 2099 sapientem
744 2040 836 2080 suum
856 2039 920 2081 non
937 2020 1117 2081 inferiorem
1139 2009 1215 2093 Deo,
1236 2019 1331 2080 ctiam
1353 2020 1448 2081 deum

320 2138 386 2180 esse
407 2124 584 2189 autument,
606 2118 678 2179 licet
694 2117 747 2178 ille
766 2118 820 2178 vix
841 2117 1061 2197 octogenarius
1080 2118 1205 2178 fatiscat
1225 2124 1255 2179 et
1274 2117 1445 2193 dilabatur,
1493 2123 1496 2124 ⁷

319 2219 401 2278 Deus
412 2217 496 2277 idem
507 2217 539 2276 in
553 2224 706 2279 aetcrnum
717 2235 753 2277 ac
766 2216 814 2277 sui
825 2216 936 2277 similis
948 2215 1066 2276 saecula
1075 2234 1198 2295 semper
1208 2214 1349 2276 labentia
1360 2216 1447 2279 inde·

319 2314 417 2375 fessus
434 2314 540 2374 vincat
557 2330 563 2375 :
581 2314 634 2375 sed
654 2314 841 2375 brevitatem
861 2314 1013 2393 temporis
1032 2312 1111 2373 nihil
1131 2319 1253 2391 curant,
1268 2333 1370 2393 neque
1388 2315 1446 2376 rni-

319 2412 405 2471 noris
418 2411 577 2471 aestimant
588 2411 640 2491 qui
657 2431 713 2490 per
727 2411 839 2491 viginti
853 2431 952 2473 annos
965 2411 1096 2472 rationis
1110 2411 1254 2472 conscius
1265 2413 1335 2486 fuit,
1350 2432 1447 2493 quam

319 2509 373 2588 qui
388 2527 445 2591 per
458 2508 570 2588 viginti
583 2508 682 2572 millia
697 2508 897 2574 saeculorum.
913 2510 987 2584 Quis
999 2509 1095 2588 igitur
1109 2509 1226 2572 stoicus
1246 2516 1330 2571 astra
1345 2512 1447 2590 magis

319 2607 528 2670 admirabitur
546 2627 643 2688 quam
665 2609 818 2682 civitatee,
832 2609 1022 2688 illorumque
1041 2609 1281 2670 diuturnitatem
1297 2609 1447 2671 brevitati

317 2706 432 2768 harum
446 2708 637 2787 anteponet?
649 2706 742 2784 Vulgi
754 2706 831 2767 levis
845 2714 875 2768 et
889 2707 1098 2768 inconstantis
1115 2713 1163 2767 est
1180 2707 1244 2768 tale
1263 2713 1445 2787 temporum

317 2805 499 2866 discrimen.
514 2806 627 2885 Atque,
645 2806 703 2866 etsi
717 2805 864 2866 Manilius
882 2804 933 2866 hic
948 2804 1027 2865 illud
1048 2810 1169 2866 tantum
1189 2804 1248 2865 sibi
1267 2807 1444 2885 proposuit,

318 2907 363 2975 ut,
390 2921 485 2980 quem
508 2920 566 2962 nos
588 2903 693 2962 locum
718 2921 919 2963 communem
943 2921 1104 2978 vocamus,
1131 2903 1324 2982 extenderet,
1348 2923 1445 2967 nenio

317 2999 459 3079 profecto
475 2998 590 3060 stoicus
604 2998 674 3060 loco
694 3000 856 3060 communi
874 3000 1055 3061 indulsisset
1076 3020 1095 3061 a
1114 3001 1338 3078 magistrorum
1358 3002 1445 3064 insti-

317 3097 392 3157 tutis
406 3096 451 3158 ita
466 3096 700 3157 abhorrentem.

356 3197 474 3258 Locum
488 3213 614 3275 quoque
627 3213 839 3270 communem,
854 3215 958 3277 neque
971 3195 1132 3276 propriam
1147 3196 1316 3257 stoicorum
1333 3217 1444 3277 quarn·

316 3294 390 3354 darn
403 3293 590 3368 doctrinam,
607 3293 701 3355 credo
716 3293 765 3354 bis
780 3295 922 3356 versibus
936 3295 1049 3369 inesse,
1066 3295 1180 3374 quibus
1195 3300 1289 3374 poeta
1301 3295 1442 3372 legentes

315 3389 462 3452 hortatur
486 3392 526 3452 ad
551 3398 636 3452 astra
661 3393 880 3472 perspicienda
906 3394 1061 3472 docetque
1087 3392 1229 3472 pervium
1256 3393 1440 3470 cogitationi

315 3488 456 3548 futurum
486 3479 652 3565 mundum,
682 3489 744 3551 hoc
773 3496 962 3569 argumento
990 3491 1099 3566 fretus,
1131 3490 1293 3552 hominem
1322 3490 1441 3553 scilicet

346 3725 369 3772 l.
384 3723 499 3782 Astron„
515 3724 535 3784 l,
551 3725 605 3774 501.
617 3751 649 3760 -
666 3725 770 3786 Ferraz,
785 3739 827 3789 ep.
844 3723 927 3783 laud,
944 3739 972 3789 p.
988 3727 1032 3787 573
1053 3725 1098 3775 ubi
1113 3725 1208 3775 eadam
1228 3724 1369 3788 scripsisse
1385 3724 1438 3774 An·

313 3795 413 3858 glicum
429 3799 536 3858 poetam
550 3795 637 3858 Byron
654 3795 687 3845 de
702 3796 824 3860 imperiis
839 3801 866 3846 et
881 3811 981 3846 oceano
997 3799 1087 3846 relert.

344 3868 368 3916 2.
385 3865 450 3925 Cic,
465 3864 558 3922 Acod„
579 3865 611 3926 ll,
633 3867 671 3927 3¹1,
691 3866 744 3915 119.
760 3894 790 3902 -
806 3867 843 3915 Cl.
859 3867 1015 3928 Ravaisson,
1035 3868 1163 3917 Memoire
1184 3881 1231 3917 sur
1247 3867 1272 3916 le
1291 3865 1437 3925 stoicisme,

312 3937 388 3986 Mem.
404 3937 436 3986 de
450 3936 548 3987 l'Acad.
566 3936 611 3986 des
625 3937 715 3993 inser„
734 3942 753 3986 t.
768 3938 835 3998 XXI,
850 3953 877 4001 p.
892 3940 932 3987 69.
947 3967 978 3975 -
993 3939 1085 3989 Senes.
1103 3955 1110 3986 ε

659 4044 713 4086 Caeli
727 4046 790 4098 regia
802 4046 911 4097 concidet,

660 4107 737 4146 Certos
751 4111 819 4159 atqua
834 4107 908 4149 obitus
923 4107 1005 4157 sanet,

658 4168 732 4219 Atque
744 4179 821 4209 omnes
832 4169 915 4221 pariter
926 4169 980 4210 deos

658 4227 739 4269 Perdet
750 4240 811 4269 mors
822 4229 899 4282 aliqua
912 4234 936 4272 et
947 4230 1024 4271 cbaos.

1081 4291 1158 4346 (nero.
1173 4291 1232 4340 ms„
1245 4289 1317 4345 raca)
