3184 5125
792 414 953 494 ,-ιιι-

304 572 370 616 ιιοιι
395 552 427 612 C.
450 550 561 622 Julius,
584 549 638 611 sed
661 548 727 628 ipse
749 550 908 626 Augustus
926 566 993 608 esse
1014 546 1220 624 intelligatur.
1245 548 1436 629 Quanquam

305 652 356 713 hie
379 648 541 731 paulisper
563 647 695 722 haerent,
714 646 766 707 ubi
786 644 892 706 Gaesar
908 645 961 705 ille
981 643 1260 725 princeps'patriae
1281 652 1437 727 paterque

304 748 461 810 salutatur
478 764 485 808 :
503 764 576 807 nam
590 745 639 805 his
654 743 836 805 nominibus
853 762 886 803 se
901 742 1026 823 publice
1042 741 1196 821 appellari
1210 742 1353 805 Tiberius
1368 765 1436 807 non

303 844 460 909 tolcravit.
477 844 636 914 Attamen,
653 849 689 903 ut
703 840 840 923 populus
857 841 1031 921 principem
1045 858 1129 919 sape
1144 839 1205 901 hoc
1220 841 1348 903 nomine
1363 863 1437 923 pro-

305 944 394 1023 sequi
422 942 531 1016 voluit,
554 940 599 1002 ita
624 939 784 1002 Manilium
812 957 938 1019 quoque
964 936 1163 1017 suspicentur
1185 937 1275 998 illum
1302 939 1435 1003 honoris

302 1060 400 1103 causa
427 1057 578 1118 usurpare
604 1038 742 1119 potuisse
767 1038 789 1099 ¹.
814 1036 873 1098 illa
896 1055 971 1097 vero
1001 1035 1042 1096 ad
1070 1035 1214 1096 eamdem
1243 1038 1434 1100 sententiam

304 1138 535 1201 defendendam
550 1136 662 1197 extulit
675 1136 790 1210 Freien
808 1154 847 1195 ex
862 1134 922 1196 hoc
936 1152 1028 1195 versu

447 1320 502 1385 Qui
516 1318 594 1392 regis
608 1318 745 1391 Augustis
761 1321 913 1390 parentem
925 1316 1035 1390 legibus
1051 1316 1163 1384 orbem,

305 1532 469 1595 apparere,
486 1514 523 1575 de
538 1514 662 1575 Tiberio
679 1514 730 1591 agi
745 1532 752 1573 :
767 1532 842 1573 nam
857 1513 1005 1593 Auqustis
1020 1512 1149 1592 lepidas,
1164 1512 1246 1573 idem
1262 1512 1378 1585 valere,
1395 1531 1432 1576 ac

304 1612 437 1692 Aupusti
452 1610 586 1691 lepidus;
600 1611 644 1673 ita
656 1611 751 1688 igitur
765 1616 889 1671 exstare
905 1629 1043 1682 sensum,
1056 1610 1215 1671 Tiberium
1229 1609 1352 1689 legibus
1365 1612 1432 1669 Au-

301 1709 388 1788 gusti
407 1708 516 1770 orbem
541 1727 647 1786 regere
663 1708 684 1769 ².
701 1710 741 1768 At
761 1694 832 1788 quis
856 1707 964 1769 credat
983 1707 1172 1788 adjectivum
1195 1707 1354 1787 Auqostos
1374 1725 1432 1787 pro

304 1806 448 1885 genetivo
467 1805 602 1886 depasti
619 1806 735 1885 valere,
754 1805 1022 1885 quemadmodum
1044 1804 1217 1885 adjectivus
1238 1804 1432 1867 Caesarianas

305 1921 362 1984 pro
382 1904 528 1983 genetivo
547 1902 676 1965 Casoris
695 1904 798 1965 velet?
818 1903 936 1965 Contra
952 1903 1098 1982 equidem
1121 1902 1310 1981 adjectivum
1329 1903 1431 1976 illum,

304 2002 466 2063 communi
488 2020 582 2063 sensu
611 2006 809 2081 usurpatum,
834 2001 879 2062 ita
903 2000 1086 2079 cognomini
1112 2000 1264 2081 principis
1292 2000 1433 2062 alludere

304 2098 470 2178 voluerim,
487 2105 521 2160 ut
533 2100 693 2179 Augustus
708 2100 775 2180 ipse
791 2098 995 2178 significetur.

343 2200 405 2258 Nec
429 2197 530 2275 magis
555 2216 684 2259 moveor
708 2198 770 2259 alio
791 2203 993 2275 argumento,
1015 2196 1099 2276 quod
1118 2196 1226 2257 Breier
1244 2196 1293 2256 his
1311 2196 1432 2279 Manilii

303 2294 406 2355 verbis
421 2294 534 2355 fundat
551 2316 557 2355 :
573 2294 641 2355 Hoc
655 2295 708 2355 sub
724 2315 802 2377 poce
816 2304 915 2355 vocet.
932 2294 980 2354 lbi
994 2292 1072 2354 illud
1090 2294 1122 2353 in
1135 2293 1245 2374 primis
1257 2299 1304 2353 est
1319 2299 1430 2355 notan-

301 2392 390 2467 dum,
406 2392 529 2471 quoties
549 2393 718 2472 propositae
740 2391 1002 2453 demonstrationi
1014 2391 1132 2465 favent,
1147 2391 1278 2453 Bentleii
1294 2390 1431 2453 lectioni-

303 2488 363 2549 bus
377 2489 539 2550 hominem
560 2497 715 2565 nostrum,
732 2490 876 2569 neglecto
894 2487 1025 2563 lac-ebo,
1042 2488 1134 2550 facile
1154 2489 1305 2550 assentire
1322 2508 1329 2551 ε
1346 2489 1431 2550 velut

303 2588 364 2649 hoc
384 2587 415 2648 in
436 2587 505 2648 loco
527 2607 640 2667 parum
664 2588 753 2649 abest
772 2594 807 2648 ut
826 2607 864 2649 ea
882 2588 1013 2648 Bentleii
1034 2588 1146 2667 probet
1168 2605 1175 2648 :
1197 2587 1263 2648 Hoc
1282 2587 1337 2648 sub
1352 2606 1431 2669 pace

303 2695 540 2747 occultantem.
561 2687 620 2747 Sed
644 2685 728 2746 hunc
750 2705 887 2758 versum,
913 2692 1073 2766 utcunque
1095 2685 1219 2764 legitur,
1240 2686 1284 2746 ita
1303 2683 1429 2763 accipit,

302 2790 338 2844 ut
357 2784 445 2865 pacis
468 2803 580 2845 vocem
607 2783 738 2861 Augusti
767 2783 963 2863 temporibus
990 2802 1053 2843 non
1082 2783 1249 2844 convenire
1278 2781 1428 2856 declaret,

282 2870 284 2875 ’
303 2899 374 2941 cum
393 2880 505 2959 aliquis
525 2899 649 2961 semper
664 2882 696 2941 in
714 2881 884 2942 Germania
902 2888 1007 2942 motus
1026 2881 1203 2943 exstiterit:
1220 2879 1336 2940 Tiberii
1355 2899 1430 2957 ergo

267 3039 279 3056 ,
303 2984 448 3057 tempora
472 2977 653 3055 significari,
676 2977 790 3058 quibus
814 2985 885 3057 post
903 2979 1078 3040 Germanici
1101 2978 1298 3058 triumphurn
1318 2984 1431 3058 pacata

304 3075 411 3137 omnia
434 3075 521 3136 suere
543 3077 567 3136 ³.
591 3077 672 3136 Num
697 3094 771 3137 vero
794 3078 936 3154 Augusto
961 3077 1113 3156 principe,
1139 3077 1235 3137 etiam
1261 3081 1332 3153 post
1356 3074 1431 3137 Vari

298 3172 497 3248 clademsita
517 3174 653 3235 turbatae
675 3192 725 3235 res
749 3174 934 3236 Germanico
958 3174 1042 3235 bello
1064 3175 1163 3252 luere,
1187 3181 1222 3234 ut
1242 3179 1343 3252 poetae
1367 3190 1430 3233 non

187 3311 188 3316 κ
300 3271 437 3333 scribere
452 3271 630 3333 vacaverit?
644 3272 769 3333 Scilicet
786 3291 897 3352 pacem
915 3273 1009 3334 istam
1029 3292 1126 3352 quam
1146 3273 1306 3333 Musarum
1326 3270 1431 3332 studia

302 3370 478 3449 requirunt,
496 3389 559 3430 non
579 3371 729 3450 prostrati
749 3371 782 3431 in
798 3371 917 3432 ultimis
935 3371 1059 3450 imperii
1076 3370 1191 3431 linibus
1209 3376 1264 3430 aut
1283 3367 1431 3430 Germani

300 3472 359 3527 aut
377 3467 521 3527 Britanni
538 3474 592 3528 aut
607 3469 716 3530 Parthi
735 3475 790 3529 aut
805 3468 947 3529 Numidae
966 3469 1118 3545 efficiunt,
1134 3467 1188 3528 sed
1208 3467 1325 3528 sedatae
1345 3467 1429 3527 intre

303 3563 428 3642 imperii
445 3563 533 3637 fines,
549 3570 581 3626 et.
596 3565 626 3624 in
645 3567 747 3638 ltalia,
762 3566 840 3626 etin
855 3567 938 3626 Urbe
956 3565 1061 3627 civiles
1081 3565 1257 3640 discordie,
1275 3564 1330 3624 sed
1351 3564 1430 3625 ordi-

303 3666 380 3720 nate
403 3660 582 3737 respublica
604 3667 635 3722 ct
660 3663 693 3723 in
721 3662 858 3723 sormam
883 3662 1019 3724 civitatis
1045 3663 1190 3723 restituta
1215 3679 1222 3722 :
1249 3666 1318 3722 tum
1344 3660 1428 3721 enim

301 3756 429 3835 ingenio
444 3757 619 3838 indulgere,
635 3766 703 3820 tum
719 3760 861 3821 carmine
876 3759 1023 3833 condere,
1040 3766 1106 3820 turn
1123 3766 1282 3820 astrorum
1298 3757 1430 3819 virtutes

304 3855 426 3935 aperire
450 3861 552 3928 vacat,
576 3863 642 3917 tum
667 3876 794 3937 quoque
818 3876 856 3917 ca
879 3857 1061 3919 evolventes
1087 3857 1195 3918 audire
1220 3857 1296 3918 libet
1318 3856 1341 3918 Β.
1361 3857 1429 3915 Νοιι

335 4058 356 4104 l.
371 4055 533 4117 Lachmann,
549 4058 567 4107 l.
582 4059 601 4108 l,
617 4087 647 4095 —
662 4060 761 4120 Freier,
775 4074 817 4122 op.
834 4058 861 4116 l.,
876 4072 901 4121 p.
915 4060 939 4107 9.

333 4126 356 4172 2.
373 4126 470 4188 Breier‚
487 4142 526 4190 op.
544 4128 570 4184 l.,
587 4143 612 4190 p.
629 4132 668 4177 ll.

334 4196 356 4243 3.
373 4195 472 4252 Breier,
486 4211 526 4259 op.
542 4196 570 4253 l.‚
587 4213 611 4259 p.
626 4201 664 4246 12.
1022 4230 1024 4233 -

333 4266 356 4313 4.
374 4265 411 4314 Gi.
425 4267 525 4327 Manli„
541 4269 657 4325 Astron,
674 4265 693 4330 l,
710 4270 755 4318 922
768 4282 837 4332 sqq„
854 4269 936 4331 infre,
951 4284 977 4331 p.
994 4271 1075 4319 21-22.
