3184 5125
610 479 771 542 ..89-

129 619 254 691 addere,
265 617 299 677 in
314 614 487 676 rusticitate
502 632 586 694 saepe
602 614 742 676 consistit
758 613 885 674 inliceia
898 631 1028 693 prorsus
1038 631 1138 694 eoque
1151 617 1255 696 magis

127 733 296 789 muscosa,
317 712 403 794 quod
427 731 493 774 non
514 712 584 773 rudi
605 718 720 773 natura
744 717 922 773 excusatur.
946 713 1025 772 Nam
1047 711 1151 773 dirum
1174 713 1255 775 illud

128 815 213 878 Atrei
227 811 405 875 convivium
421 810 660 892 horrendasque
675 810 786 891 epulas
801 809 852 871 his
866 809 969 871 verbis
984 814 1092 872 notet:

269 994 486 1062 hortantemque
499 992 611 1063 patrem
629 993 712 1046 natos
726 993 747 1048 ¹.

170 1159 237 1230 Quo
249 1156 330 1217 nihil
340 1162 371 1218 et
383 1156 450 1236 ipsc
462 1157 590 1229 Seneca,
603 1154 678 1214 dum
690 1154 776 1236 cupit
786 1155 947 1230 atrociter,
961 1155 1152 1218 fastidiosius
1162 1155 1254 1217 dixit.

170 1257 247 1316 Cum
261 1274 335 1315 vcro
350 1253 496 1316 Manilius
514 1252 593 1314 adeo
609 1252 767 1313 studiosus
782 1259 813 1313 et
827 1253 1034 1314 indelassatus
1053 1272 1208 1316 novarum
1224 1258 1256 1313 et

131 1352 357 1414 sententiarum
380 1358 411 1411 ct
434 1350 631 1411 locutionum
652 1349 822 1430 indagator
843 1350 899 1424 sit,
922 1350 963 1411 ob
987 1350 1130 1412 eamdem
1154 1351 1256 1430 ipsam
1335 1379 1339 1388 ·

130 1451 211 1512 hanc
227 1469 367 1523 causam,
385 1448 507 1530 quoties
520 1447 645 1508 fabulas
659 1446 707 1508 vel
723 1447 871 1508 historias
884 1448 1030 1523 advocat,
1040 1447 1151 1510 maluit
1164 1447 1260 1509 rebus

130 1547 233 1611 obiter
252 1547 393 1608 alludere
410 1565 506 1626 quam
528 1564 582 1608 eas
596 1545 722 1607 tractim
742 1546 899 1626 persequi.
916 1549 1034 1627 Nempe
1053 1546 1086 1606 in
1106 1546 1259 1608 continua

129 1646 323 1721 narratione,
339 1644 389 1706 cui
402 1644 479 1705 nihil
494 1644 579 1704 deest
595 1642 680 1722 quod
695 1644 814 1704 iactum
831 1644 935 1718 fuerit,
950 1644 999 1705 vel
1013 1644 1097 1725 quod
1113 1644 1153 1706 ad
1165 1641 1258 1705 intel·

130 1743 259 1823 liganda
278 1762 316 1804 ea
334 1745 405 1822 quac
422 1743 506 1803 facta
525 1747 598 1802 sunt
616 1741 732 1820 prosit,
754 1741 919 1821 aequalitas
938 1742 1097 1823 praecipue
1120 1749 1151 1803 et
1173 1741 1257 1802 idem

131 1859 257 1922 semper
275 1846 367 1901 tenor
386 1840 597 1915 desideratur,
623 1845 719 1918 utque
742 1858 806 1900 non
831 1839 929 1901 nimio
952 1839 1111 1901 interdum
1134 1840 1258 1918 fulgore

132 1941 232 2002 aciem
249 1939 412 2000 oculorum
425 1937 661 2018 praestringens,
676 1936 721 1997 ita
734 1955 897 2016 nunquam
918 1935 1066 1998 deficiens
1084 1936 1258 2017 subitisque

133 2039 336 2117 absumptum
347 2035 485 2097 tenebris
495 2033 613 2095 lumen.
624 2037 664 2094 At
676 2052 748 2094 cum
761 2034 857 2094 ceteri
866 2033 1020 2111 rhetores,
1033 2039 1101 2094 tum
1113 2033 1262 2094 Manilius

133 2153 260 2215 quoquc
284 2135 317 2194 in
340 2133 400 2194 hac
422 2133 563 2193 maxima
590 2137 680 2211 parte
710 2130 878 2204 claudicat,
895 2129 1047 2210 duxitque
1071 2129 1260 2191 habiliorem

133 2252 203 2294 eam
238 2232 305 2294 fore
335 2251 430 2313 quam
459 2230 617 2292 tractabat
648 2228 836 2303 materiam,
863 2246 983 2307 suoque
1011 2227 1138 2306 ingenio
1169 2227 1259 2306 eique

134 2350 230 2411 quam
253 2330 401 2409 cupiebat
424 2327 541 2408 ingenii
567 2326 654 2388 laudi
677 2326 778 2404 magis
801 2326 1085 2397 accommodatam,
1111 2325 1136 2386 si
1158 2343 1260 2404 pauca

134 2429 172 2489 dc
185 2428 304 2504 multis,
323 2445 419 2508 quam
435 2427 460 2487 si
475 2426 513 2486 dc
528 2443 636 2485 unare
650 2424 758 2485 omnia
776 2423 970 2502 loqueretur.
986 2424 1096 2503 ltaque
1113 2423 1260 2504 frequen·

135 2533 198 2589 tem
216 2526 300 2588 hanc
323 2524 489 2587 advocavit
511 2530 541 2585 ct
559 2522 724 2585 Graiorum
742 2526 773 2583 ct
800 2523 1015 2583 Romanorum
1035 2527 1066 2583 et
1084 2521 1215 2583 deorum
1231 2524 1261 2582 ct

134 2625 269 2686 heroum
285 2623 435 2697 turbam;
455 2627 491 2682 ut
511 2621 664 2701 cujusque
685 2638 789 2681 mores
808 2625 863 2680 aut
881 2620 964 2681 iacta
981 2619 1156 2680 arctissima
1174 2617 1261 2679 velut

136 2722 274 2783 formula
289 2720 503 2799 concluderet,
516 2738 587 2798 quae
599 2718 719 2780 curiose
730 2736 879 2796 expressa
887 2717 1041 2795 insignem
1052 2716 1141 2796 quasi
1151 2720 1260 2776 notam

136 2821 248 2901 cuique
264 2824 449 2899 apponeret.
465 2818 542 2879 lndc
558 2816 613 2878 illa
626 2816 657 2876 in
673 2816 753 2877 libro
770 2815 874 2895 primo
894 2814 1089 2877 enumeratio
1108 2813 1260 2889 virorum,

137 2936 215 2998 quos
230 2917 264 2978 in
277 2917 379 2978 lacteo
401 2915 518 2977 circulo
538 2922 611 2996 post
634 2920 770 2976 mortem
784 2913 930 2975 habitere
949 2912 1101 2995 conjicit:
1117 2911 1263 2993 equibus

136 3034 257 3096 paucos
272 3015 428 3095 excipiam
448 3034 455 3073 :

687 3118 804 3174 Horatia
817 3119 914 3189 proles

280 3204 350 3257 Tota
365 3200 440 3255 acies
453 3201 562 3272 partus,
574 3214 627 3253 nec
642 3214 701 3253 non
717 3201 745 3252 et
760 3197 888 3253 Scoevola
904 3200 1005 3251 trunco

280 3280 418 3347 Nobilior,
432 3280 582 3351 majorque
596 3276 663 3333 viris
678 3280 706 3331 et
721 3276 818 3332 Cloelia
831 3275 920 3347 virgo,

281 3363 314 3416 Et
332 3362 465 3416 Romana
478 3359 584 3427 ferens,
599 3374 663 3431 quae
678 3356 757 3424 texit,
770 3354 879 3409 moenia
894 3354 1001 3422 Cocles,

281 3444 315 3496 Et
330 3439 498 3498 commilitio
510 3438 632 3495 volucris
644 3436 781 3494 Corvinus
797 3434 920 3505 adeptus

282 3521 316 3576 Et
331 3519 425 3591 spolia
439 3524 467 3575 ct
481 3534 598 3586 nomen,
615 3517 663 3589 qui
678 3519 775 3589 gestat
790 3514 819 3569 in
835 3514 902 3570 alite
918 3514 1091 3570 Phaebum...

283 3599 489 3671 Certantesque
504 3597 571 3653 Daci
585 3597 657 3653 votis
671 3595 835 3667 similesque
851 3593 1024 3666 triumphis,

285 3680 482 3750 Invictumque
497 3694 580 3733 mora
595 3678 773 3733 Fabium.....
794 3676 821 3740 ²;

142 3850 191 3911 vel
204 3849 261 3912 illa
274 3848 307 3909 in
321 3848 415 3910 tertio
431 3847 524 3923 libro,
541 3864 613 3908 cum
627 3863 697 3925 quae
714 3861 778 3904 non
793 3840 967 3922 scripturus
980 3839 1032 3917 sit,
1048 3837 1157 3900 indicit
1174 3854 1182 3898 :

285 4024 347 4079 Non
358 4039 412 4095 ego
427 4022 457 4077 in
469 4021 612 4077 excidium
627 4018 688 4075 caeli
701 4014 849 4072 nascentia
862 4012 950 4081 bella,

286 4103 426 4159 Fulminis
438 4106 466 4158 ct
480 4102 624 4168 flammas,
640 4101 740 4173 partus
752 4096 781 4151 in
798 4096 888 4149 matre
905 4094 1047 4164 sepultos;

177 4278 199 4327 l.
215 4275 294 4335 Man,
310 4277 426 4333 Astron,
442 4275 473 4336 V,
488 4275 544 4325 463.

176 4349 200 4399 2.
216 4347 267 4409 Id.‚
280 4346 353 4404 iata,
370 4346 390 4406 l,
403 4346 515 4406 l78,‘l83,
528 4344 638 4394 isonat.
