3184 5125
643 442 740 517 fal
762 477 804 489 -

145 572 236 633 unde
253 571 320 632 sine
339 572 555 633 controversia
573 574 770 637 inferendum
789 584 848 650 est,
867 582 938 657 post
954 577 1028 639 Vari
1047 576 1168 639 cladem
1183 579 1280 663 scrip·

143 670 226 730 sisse
243 668 418 740 Manilium,
434 670 475 731 ad
492 669 587 731 linem
604 670 676 733 libri
691 672 785 753 primi
800 674 938 753 veniam,
956 675 1156 756 primumque
1176 677 1279 740 locum

145 766 309 851 integrum
325 766 456 827 afferam
475 785 482 827 :

385 952 476 1008 ...Nec
490 952 574 1026 plura
586 954 657 1009 alias
671 954 805 1011 incendia
816 956 941 1012 mundus

294 1032 447 1100 Sustinuit,
466 1048 555 1104 quam
571 1050 636 1088 cum
653 1034 772 1089 ducibus
784 1036 883 1107 jurata
897 1037 1021 1092 cruentis

293 1114 381 1167 Arma
395 1111 560 1183 Philippeos
576 1112 734 1183 implerunt
748 1116 888 1187 sanguine
903 1132 1032 1187 campos,

294 1192 404 1263 Vixque
420 1190 510 1246 etiam
526 1191 601 1245 sicca
615 1192 698 1247 miles
713 1209 849 1249 romanus
863 1212 953 1250 arena

293 1271 364 1326 Ossa
376 1270 472 1325 virum
484 1271 654 1343 lacerosque
665 1272 743 1344 prius
756 1274 932 1344 superastitit
943 1278 1034 1343 artus;

294 1351 508 1422 imperiumque
523 1350 581 1405 suis
594 1351 720 1407 conflixit
731 1353 837 1408 viribus
852 1354 957 1426 ipsum,

261 1483 264 1490 ,
295 1433 404 1501 Perque
419 1430 509 1501 patris
523 1433 607 1503 pater
619 1433 764 1503 Augustus
780 1432 901 1505 vestigia
914 1433 990 1489 vicit.

295 1509 417 1564 Necdum
433 1509 497 1565 finis
515 1514 577 1565 erat
592 1528 600 1567 t
615 1510 764 1566 restabant
775 1512 855 1567 Actia
870 1513 947 1567 bella

293 1590 386 1646 Dotali
401 1590 557 1645 commissa
571 1591 643 1659 acie,
659 1592 838 1664 repetitaque
853 1608 951 1648 rerum

291 1670 362 1725 Alea
375 1675 404 1725 et
419 1670 447 1723 in
463 1674 554 1743 ponto
567 1671 706 1742 quaesitus
720 1676 816 1727 rector
830 1673 959 1744 Olympi;

285 1748 459 1805 'Femineum
473 1749 575 1804 sortita
588 1750 693 1823 jugum
707 1767 772 1805 cum
787 1752 881 1807 Roma
894 1752 1032 1824 pependit

290 1833 382 1901 Atque
397 1829 459 1900 ipsa
473 1829 561 1884 isiaco
577 1833 722 1885 certarunt
733 1830 857 1886 fulmina
871 1832 965 1889 sistro.

290 1908 448 1963 Restabant
463 1908 586 1979 profugo
602 1909 713 1964 servilia
727 1910 819 1964 milite
834 1910 919 1976 bella,

291 1990 362 2043 Cum
376 1987 484 2059 patrios
499 1988 585 2042 armis
598 1988 726 2043 imitatus
743 1989 819 2043 lilius
833 1990 931 2045 hostes

291 2068 416 2137 AEquora
430 2067 585 2138 Pompeius
605 2068 680 2139 cepit
694 2067 810 2122 defensa
825 2068 948 2139 parenti.

292 2146 348 2201 Sed
362 2147 429 2201 satis
442 2147 498 2203 hoc
512 2147 579 2203 latis
594 2148 689 2204 fuerit.
705 2148 768 2202 tam
780 2146 856 2202 bella
873 2146 1030 2218 quiescant,

292 2229 385 2297 Atque
400 2228 582 2282 adamanteis
597 2226 740 2282 discordia
754 2226 848 2281 vineta
862 2226 970 2281 catenis

291 2307 421 2361 AEternos
436 2308 542 2362 habeat
555 2308 653 2361 frenos
669 2307 698 2361 in
714 2322 829 2362 carcere
845 2307 952 2376 clausa.

291 2386 333 2441 Sit
345 2388 428 2456 pater
441 2385 563 2441 invictus
577 2386 688 2457 patriae,
704 2386 741 2440 sit
753 2387 847 2442 Roma
861 2385 912 2440 sub
927 2386 987 2454 illo,

288 2466 417 2537 Cumque
433 2466 519 2521 deum
535 2468 604 2521 eaelo
621 2466 743 2533 dederit,
759 2482 818 2520 non
834 2469 945 2538 quaerat
959 2466 988 2520 in
1004 2466 1073 2522 orbe
1088 2467 1109 2522 ¹.

145 2654 254 2714 Nonne
267 2671 305 2714 ea
317 2653 491 2732 perlegenti
504 2672 612 2714 sensns
625 2657 731 2733 patet?
742 2657 820 2715 Nam
837 2661 936 2716 totam
952 2653 1181 2715 discordiarum
1195 2653 1269 2713 civi-

145 2750 222 2812 lium
238 2751 349 2811 seriem
370 2751 506 2831 explicat
521 2758 616 2829 poeta
628 2758 659 2812 et
674 2753 767 2813 finem
783 2752 897 2830 aperit,
913 2757 1064 2830 optatque
1085 2755 1118 2809 nt
1134 2768 1196 2828 pax
1215 2748 1271 2810 illa

145 2848 250 2909 stetin
266 2854 427 2928 posterum
445 2864 452 2909 :
468 2847 595 2922 scilicet,
612 2855 781 2929 postquam
797 2847 1010 2909 Pharsalicam
1026 2853 1057 2907 et
1071 2845 1269 2927 Philippeam

144 2963 297 3026 pugnam,
323 2945 503 3025 Virgilianae
528 2965 658 3025 poeseos
683 2947 815 3008 forsitan
840 2946 925 3006 haud
947 2946 1125 3021 immemor,
1152 2945 1268 3023 attigit,

144 3047 314 3120 postquam
337 3043 464 3104 Actiaca
493 3061 563 3104 cum
588 3045 740 3119 Antonio,
762 3044 888 3106 servilia
913 3062 984 3105 cum
1010 3043 1160 3122 Pompeio
1184 3041 1269 3103 bella

144 3140 415 3214 commemoravit,
432 3147 499 3201 tum
519 3159 593 3201 vero
612 3148 764 3220 tanquam
785 3142 810 3200 si
830 3143 868 3202 de
890 3140 1067 3201 recentibus
1087 3138 1179 3199 malis
1196 3157 1268 3199 nec·

139 3235 220 3297 dum
242 3235 318 3297 satis
337 3237 523 3298 confirmata
544 3238 631 3317 pacis
650 3237 855 3297 diuturnitate
877 3238 1037 3315 loquatur,
1062 3241 1210 3312 precatur
1232 3240 1268 3294 ut

140 3334 218 3393 satis
235 3333 296 3395 hoc
309 3335 381 3394 fatis
399 3335 503 3408 fuerit,
521 3335 667 3412 vivatque
681 3334 786 3394 Caesar
800 3332 995 3410 imperatque
1010 3334 1118 3390 Romae
1134 3329 1267 3390 invictus

139 3431 464 3513 imperturbatnsque‚
481 3431 653 3492 discordias
677 3448 786 3491 omnes
805 3435 836 3489 et
857 3427 942 3489 bella
963 3444 1176 3506 compescens.
1193 3426 1266 3499 Quis

141 3545 217 3588 vero
239 3529 342 3594 Gaesar
365 3528 580 3607 intelligatur?
594 3532 634 3589 At
658 3547 751 3609 quem
774 3525 871 3588 alium
896 3530 1020 3606 patrem
1031 3524 1148 3614 patriae
1171 3530 1265 3604 poeta

142 3622 244 3685 dicere
264 3624 315 3685 hie
331 3630 446 3704 potest,
464 3645 558 3707 quam
574 3627 677 3706 ipsum
693 3626 781 3686 illum
799 3626 849 3686 cui
868 3625 909 3685 ob
929 3624 1083 3685 exstincta
1099 3628 1147 3684 tot
1161 3622 1266 3684 civilia

141 3719 235 3794 bella,
252 3721 525 3802 instauratamqua
546 3723 772 3803 rempublicam
789 3729 819 3784 et
833 3727 981 3802 pacatum
1003 3719 1124 3799 orbem,
1147 3738 1262 3781 nomen

139 3817 201 3878 boc
214 3817 366 3880 universa
378 3819 512 3881 civitatis
522 3839 594 3882 eum
607 3820 730 3899 privato
744 3827 811 3881 tum
823 3819 950 3900 publico
959 3836 1111 3880 consensu
1123 3818 1263 3877 delatum

139 3915 255 3976 inerit?
283 3917 364 3976 Num
391 3918 487 3978 etiam
517 3937 554 3979 ea
582 3936 787 3979 romanarum
812 3916 1040 3977 discordiarum
1067 3920 1099 3974 et
1126 3912 1262 3973 cladium

136 4014 400 4075 commemoratio
420 4014 453 4074 in
473 4014 554 4075 alius
573 4013 665 4076 laude
686 4013 849 4075 terminari
867 4018 982 4092 potest,
999 4029 1094 4090 quam
1114 4009 1264 4088 principis

139 4125 195 4184 per
211 4126 305 4186 quem
318 4127 425 4192 rursus
440 4111 555 4172 llorere
570 4129 620 4172 res
635 4112 784 4172 Romanae
800 4110 980 4190 coeperunt?
992 4107 1263 4181 Quemadmodum

172 4237 199 4313 ιζ
209 4265 311 4328 utari,
326 4267 441 4327 Astron„
455 4269 476 4332 1,
492 4271 548 4320 ror.
598 4272 601 4280 ·
