3184 5125
800 497 960 561 ,44-

251 697 257 712 ,
310 634 402 697 docet
430 630 574 692 homines
599 629 724 692 vivendi
755 636 857 691 artem
890 631 1080 692 admonetve
1113 629 1150 690 de
1183 628 1310 691 virtute.
1338 630 1443 702 Quam

311 737 451 807 curetne,
469 748 509 790 an
528 747 593 789 non
616 733 715 801 curet,
737 728 924 808 plerumque
949 747 1076 807 prorsus
1095 726 1199 788 nescio
1221 743 1229 786 :
1250 726 1289 787 de
1308 745 1346 788 ea
1364 747 1441 789 sane
1476 717 1481 723 ’

311 829 433 890 nullum
457 826 533 888 lacit
551 825 685 887 verbum
707 846 714 884 ε
736 831 771 886 ut
790 831 899 886 noster
916 824 969 886 ille
989 843 1082 904 quem
1096 823 1162 903 Jam
1180 823 1257 901 dixi,
1272 824 1327 905 qui
1342 824 1443 886 Mani·

310 927 388 988 lium
399 924 583 1002 theologum
594 922 765 984 stoicorum
779 929 907 1004 poetam
918 922 1068 997 celebrat,
1082 922 1229 1002 hujusne
1242 923 1442 1002 nomenqui·

310 1025 394 1099 dem,
411 1021 559 1084 carminis
571 1040 610 1082 ne
628 1039 728 1082 unum
747 1021 875 1101 quidem
894 1040 1021 1082 versum
1037 1020 1071 1081 in
1092 1039 1130 1081 ea
1145 1020 1249 1100 operis
1264 1026 1355 1100 parte
1370 1020 1441 1082 lau-

310 1121 407 1195 davit,
424 1119 457 1180 in
472 1137 545 1198 qua,
559 1118 635 1199 quid
648 1118 803 1180 senserint
812 1119 850 1180 de
866 1119 1007 1180 moribus
1021 1118 1111 1179 stoici
1121 1125 1235 1198 poetae,
1253 1118 1400 1198 quaesivit
1413 1120 1437 1181 ¹.

311 1219 335 1279 0
355 1217 545 1297 singularem
567 1216 709 1297 profecto
730 1220 825 1296 atque
843 1216 969 1278 unicum
988 1216 1181 1295 omninoque
1200 1215 1267 1276 sine
1291 1208 1438 1296 exemplo

311 1317 457 1392 stoicum,
483 1313 594 1393 quiid
621 1332 720 1374 unum
748 1312 923 1392 neglexerit
950 1313 982 1374 in
1012 1332 1074 1393 quo
1105 1332 1169 1374 uno
1197 1313 1305 1375 omnia
1331 1313 1438 1376 stoicis

310 1419 416 1476 erantl
662 1407 663 1410 ’

350 1510 463 1583 Quidni
483 1510 522 1571 de
540 1509 709 1571 virtutibus
727 1515 759 1570 et
782 1509 875 1584 vitiis,
891 1511 930 1571 de
951 1511 1050 1571 animi
1072 1510 1237 1571 attactibus
1258 1528 1295 1571 ac
1317 1509 1437 1571 morbis

313 1607 461 1687 quaelibet
477 1607 611 1687 scripsit,
627 1607 652 1667 si
665 1625 731 1667 non
749 1607 783 1666 in
796 1612 901 1668 cetero
914 1626 1021 1688 opere,
1047 1608 1079 1667 in
1102 1606 1164 1669 hoc
1186 1606 1298 1668 saltem
1324 1607 1436 1687 quinto

310 1705 403 1783 libro,
415 1705 533 1785 inquo,
547 1704 622 1784 quid
637 1704 758 1784 possint
774 1712 860 1765 astra
869 1704 909 1765 ad
922 1705 1091 1766 dividenda
1104 1705 1287 1767 hominibus
1296 1705 1435 1784 ingenia,

307 1801 499 1882 explicavit‘l
515 1800 562 1862 lbi
574 1801 658 1862 enim
673 1800 749 1881 quid
764 1820 829 1862 non
844 1801 969 1863 locutus
982 1806 1049 1864 est?
1063 1805 1156 1864 Astra
1170 1803 1296 1881 fingunt
1310 1809 1436 1876 nautas,

311 1898 498 1972 ardeliones,
525 1899 663 1977 aurigas,
684 1898 870 1978 desultores,
892 1907 1063 1976 amatores,
1083 1900 1279 1961 cincinnatos
1297 1907 1329 1961 et
1348 1901 1438 1981 quasi

309 1998 347 2058 de
364 1996 494 2077 capsula
509 2002 592 2060 totos
611 1996 836 2070 adolescentes,
852 1997 1078 2059 circulatorum
1099 2016 1192 2059 omne
1212 2017 1323 2077 genae,
1339 2017 1436 2059 vena·

310 2103 404 2174 tores,
417 2096 600 2176 piscatores,
611 2100 782 2169 notatores,
796 2101 1019 2175 praeceptores,
1030 2095 1258 2173 tragoediarum
1269 2095 1436 2175 scriptores

309 2199 340 2255 et
359 2194 597 2268 comoediarum,
618 2192 835 2266 veterinarios,
858 2193 1083 2273 pantomimos,
1104 2193 1259 2266 aurificeS,
1280 2212 1433 2266 cursores,

308 2290 523 2364 funambulos,
540 2290 679 2351 terarum
701 2290 874 2352 domitores
893 2296 925 2352 et
946 2290 1187 2369 mansuetarios,
1204 2309 1300 2370 quarn
1320 2291 1436 2358 multas

309 2392 475 2466 praeteraea
492 2387 661 2448 bominum
681 2406 717 2448 ac
738 2388 876 2448 vitarum
898 2389 1033 2467 speciest
1050 2395 1083 2449 at
1101 2394 1187 2450 totus
1206 2387 1239 2448 in
1255 2387 1305 2449 his
1324 2388 1436 2450 descri-

309 2484 418 2545 bendis
429 2490 611 2566 occupatus,
629 2485 830 2566 lapidemque
846 2485 1018 2555 novitatem
1034 2485 1212 2566 insequens,
1227 2487 1436 2549 vetustissima

308 2582 363 2644 illa
378 2590 409 2644 et
423 2582 497 2644 trita
512 2583 628 2657 omisit,
643 2583 791 2645 virtutem
805 2603 842 2645 uc
856 2583 943 2659 vitia,
959 2586 1044 2646 bona
1058 2583 1207 2665 malaque
1222 2584 1340 2645 omnia.
1354 2587 1434 2645 Num

307 2681 396 2743 stoici
415 2687 461 2742 est
485 2688 608 2742 tantam
634 2699 765 2761 operam
789 2682 823 2741 in
842 2681 983 2743 ridiculis
1009 2689 1040 2744 et
1059 2681 1310 2743 inconstantibus
1334 2683 1433 2743 borni-

307 2779 400 2839 nibus
416 2779 622 2859 depingendis
639 2797 835 2852 consumere,
853 2787 957 2840 tacere
977 2784 1082 2841 autem
1097 2799 1168 2860 quaa
1188 2779 1339 2841 virtutem
1352 2786 1436 2841 astra

308 2875 470 2954 adjuvent,
488 2895 558 2956 quae
579 2881 690 2936 contra
709 2876 819 2935 virtuti
834 2877 984 2939 obstent?
998 2880 1042 2937 Ea
1057 2897 1132 2939 sane
1148 2884 1233 2939 astra
1248 2897 1298 2938 me
1311 2878 1435 2940 novisse

307 2972 435 3051 plurimi
456 2973 589 3044 aestimo,
611 2990 681 3049 quae
702 2972 779 3031 mihi
798 2979 881 3057 recte
902 2974 1027 3034 vivendi
1050 2981 1161 3050 artem,
1183 2976 1274 3036 nihili
1291 2994 1364 3037 vero
1385 2995 1434 3050 ea,

310 3089 380 3150 quae
400 3068 496 3130 nandi
517 3075 572 3130 aut
595 3069 668 3149 equi
692 3069 824 3130 curandi
849 3070 990 3132 afferent.
1005 3074 1111 3153 Neque
1129 3073 1191 3135 alia
1214 3074 1279 3135 fere
1297 3073 1436 3135 invenies

308 3173 492 3249 pertotum
520 3166 605 3228 hunc
634 3166 749 3229 librum
780 3187 851 3248 quae
880 3187 984 3231 mores
1014 3170 1177 3252 increpent
1204 3172 1317 3246 malos,
1339 3190 1433 3252 quam

308 3266 401 3329 haee:

452 3463 581 3519 Luxuriae
597 3463 667 3535 quia
679 3466 757 3517 terra
774 3478 889 3532 parurn,
902 3461 1030 3517 fastidiet
1044 3461 1144 3516 orbern

449 3542 562 3609 Venter,
579 3542 682 3613 etipse
700 3541 800 3613 gulam
816 3542 924 3597 Nereus
939 3558 974 3596 ex
993 3557 1110 3614 aequore
1124 3542 1224 3612 pascet
1239 3540 1261 3593 ².

306 3694 345 3753 Et
359 3690 427 3753 haec
443 3711 450 3753 :

360 3854 425 3909 llaec
439 3851 534 3907 luerat
547 3853 697 3925 quondam
708 3851 825 3924 templis
844 3868 980 3918 concessa
995 3853 1088 3923 ligura
1105 3847 1295 3925 (laquearium
1311 3851 1410 3923 genus)
1425 3874 1431 3904 :

358 3935 438 3989 Nunc
446 3932 509 4005 jam
525 3933 646 3988 luxurias
662 3950 728 4005 pars
744 3950 751 3988 :
768 3938 797 3989 ct
808 3932 933 3989 triclinia
944 3935 1059 4004 templis

359 4015 541 4081 Concortant,
557 4014 682 4086 tectique
697 4030 767 4069 auro
777 4014 840 4086 jam
855 4012 995 4068 vescimur
1009 4029 1079 4068 auro
1092 4015 1112 4068 ³.

335 4227 360 4275 l.
373 4226 474 4287 Ferraz,
487 4240 528 4290 op.
542 4225 628 4283 laud„
645 4228 686 4277 ch.
703 4240 738 4276 xa.
754 4226 792 4276 De
806 4226 925 4278 litoribus
939 4227 1011 4292 apud
1025 4231 1119 4290 poetas
1133 4227 1242 4279 stoicos.

335 4298 358 4347 2.
374 4298 491 4356 Astron„
504 4298 535 4356 V,
553 4300 605 4347 195.

336 4368 360 4417 3.
373 4366 450 4427 leid,
463 4368 494 4431 V,
507 4369 564 4421 291.
