3184 5125
668 1298 824 1374 clrur
849 1296 1065 1370 runrruu

411 1637 584 1698 QUATENUS
610 1635 766 1686 MAMILIUS
793 1635 1017 1684 ASTRONOMlAE
1042 1637 1082 1684 ET
1109 1634 1329 1686 ASTROLOGIAE

579 1743 718 1792 PERITUS
744 1743 863 1791 FUERlT
889 1744 929 1791 ΕΤ
956 1742 1151 1793 STUDIOSUS.

345 2001 425 2075 Quid
448 1999 594 2062 Manilius
620 1999 653 2060 in
679 1999 892 2079 astronomia,
920 1999 995 2079 quid
1023 1999 1056 2060 iu
1081 1998 1253 2076 astrologia
1276 1999 1430 2074 docuerit,

304 2099 459 2174 evolvere,
482 2105 602 2160 utnon
619 2117 763 2159 meorum
788 2098 982 2172 studiorum,
1005 2097 1050 2158 ita
1068 2116 1133 2158 non
1157 2097 1311 2178 propositi
1338 2098 1431 2179 hujus

305 2198 409 2279 operis
426 2204 483 2259 est.
504 2195 649 2258 Ceterum
668 2214 705 2257 ea
724 2215 788 2256 non
808 2195 938 2256 omnino
953 2195 1141 2275 negligenda
1156 2200 1230 2254 sunt
1244 2202 1275 2256 et
1288 2196 1430 2276 aliquan-

304 2301 373 2356 tum
389 2293 542 2355 momenti
556 2293 676 2354 hahent
694 2299 728 2354 ut
748 2293 957 2373 perspiciatur
978 2292 1072 2373 quale
1096 2293 1190 2353 luerit
1211 2294 1311 2354 nostri
1330 2299 1432 2374 poetae

305 2392 478 2472 ingenium.
500 2393 543 2450 Dc
563 2391 612 2451 his
631 2391 727 2470 igitur
747 2391 791 2452 ita
810 2391 908 2451 verba
927 2390 1052 2466 laciam,
1069 2397 1104 2451 ut
1123 2410 1194 2470 quae
1211 2391 1250 2451 ad
1270 2391 1432 2452 scientiam

305 2494 430 2550 tantum
451 2494 615 2570 artemque
637 2488 827 2568 pertineant,
844 2488 1097 2569 praetermittam,
1119 2489 1204 2549 unde
1227 2507 1301 2549 vero
1327 2488 1434 2571 aliqua

307 2587 345 2649 de
366 2587 472 2648 indole
492 2587 653 2667 scriptoris
667 2587 781 2648 notitia
801 2586 922 2649 hauriri
937 2587 1046 2667 possit,
1062 2606 1100 2647 ea
1119 2587 1227 2649 omnia
1241 2586 1389 2665 colligam
1403 2592 1434 2649 et

307 2686 481 2767 explicem.'

865 2942 879 3007 l

349 3129 386 3190 ln
409 3124 615 3189 describendo
639 3125 759 3188 mundo
784 3125 945 3208 signisque
968 3127 1172 3190 numerandis
1197 3134 1229 3189 et
1248 3127 1435 3205 indicandis,

310 3226 457 3290 Manilius
466 3228 640 3288 Varronem
651 3229 777 3301 secutus
787 3244 854 3286 esse
866 3231 1027 3287 auctorem
1036 3227 1136 3287 fertur
1146 3228 1168 3289 ¹.
1180 3228 1259 3287 Nam
1269 3232 1301 3288 et
1315 3229 1437 3308 quoties

309 3325 399 3404 signa
414 3344 485 3407 quae
504 3330 577 3385 sunt
595 3323 627 3384 in
642 3324 780 3397 zodiaco,
797 3324 1005 3403 persequitur,
1019 3343 1095 3398 non,
1111 3329 1147 3385 ut
1159 3324 1253 3397 Graii,
1268 3322 1435 3400 Cancrum,

309 3424 376 3497 sed,
393 3428 429 3483 ut
444 3422 559 3495 Latini,
574 3422 712 3482 Arietem
734 3422 909 3501 principem
930 3421 1090 3495 nominat,
1106 3427 1137 3482 et
1156 3440 1238 3497 cum,
1255 3422 1339 3483 unde
1359 3430 1436 3484 tem·

309 3539 390 3602 pora
405 3519 480 3579 anni
493 3518 656 3598 incipiant,
668 3518 811 3599 inquirit,
827 3520 992 3599 cujusdam
1008 3518 1145 3596 vestigiis
1159 3519 1284 3594 insistit,
1299 3520 1438 3598 quiante

310 3614 495 3679 emendatos
519 3634 538 3675 a
560 3616 681 3676 Gaesarc
705 3617 803 3677 fastos
824 3617 983 3696 scripserit
1008 3635 1016 3680 ε
1042 3635 1114 3677 cum
1136 3623 1241 3677 autem
1265 3617 1438 3678 Martianus

311 3712 439 3792 Capella
457 3712 490 3772 in
514 3719 625 3774 octavo
644 3712 725 3773 libro
750 3713 866 3773 mirum
890 3713 923 3773 in
943 3713 1072 3775 modum
1097 3714 1223 3775 Manilio
1250 3714 1436 3787 consentiat,

311 3815 527 3895 appareatque
544 3816 714 3892 utrumque
734 3811 774 3872 ab
794 3811 905 3872 eodem
927 3813 1026 3885 fonte,
1044 3829 1115 3891 quae
1133 3812 1340 3886 effunderent,
1358 3812 1438 3872 hau-

310 3909 397 3984 sisse,
413 3928 508 3989 quem
523 3908 674 3972 Varronis
687 3908 930 3989 Disciplinarum
945 3908 1062 3970 librum
1076 3915 1199 3970 sextum
1215 3914 1340 3971 constat
1354 3928 1374 3969 a
1387 3910 1439 3971 Ga·

310 4009 396 4089 pella
409 4008 504 4070 fuisse
516 4012 713 4089 assumptum
726 4006 749 4080 ²,
761 4007 845 4069 unde
860 4007 1036 4068 doctrinam
1052 4025 1178 4069 omnem
1194 4007 1438 4069 astronomicam

344 4196 368 4244 l.
387 4194 501 4256 Gruppe,
516 4194 629 4253 Hermrta,
645 4198 664 4244 t.
678 4194 721 4245 Xl.
736 4223 765 4233 -
777 4195 861 4246 liecue
871 4196 916 4245 des
928 4197 1033 4254 Revoca,
1042 4195 1132 4259 juillet
1144 4196 1213 4246 1879.

313 4264 376 4388 ηξὲ
384 4264 496 4400 Gpuppe,
511 4264 574 4315 ibid.
587 4266 822 4329 -Eyssenhardt,
835 4266 914 4329 Pras.
925 4267 961 4316 ad
974 4267 1136 4317 Martiarum
1153 4265 1296 4329 Capellam,
1306 4262 1436 4316 Teubner,

376 4374 384 4401 ,
416 4369 422 4384 .
478 4369 485 4384 .
