3184 5125
786 442 946 505 -56-

301 583 383 643 inter
407 596 440 641 se
463 576 721 657 repugnantibus,
746 577 893 639 omnibus
915 574 1051 655 denique
1079 573 1181 635 modis
1204 579 1324 654 peccet.
1349 576 1426 636 Nam

252 727 258 738 .
302 677 403 744 multa
426 694 496 756 quae
518 673 716 756 Hipparchus
735 680 791 736 aut
810 673 976 735 addiderat
997 673 1139 754 priorum
1163 671 1300 733 inventis
1321 677 1377 732 aut
1396 671 1427 732 in

301 775 414 837 melius
436 777 626 845 mutaverat,
643 772 785 850 negligit,
803 791 840 832 ac
859 771 954 851 plane
974 770 1151 831 incuriosus
1173 769 1308 849 videtur,
1323 770 1428 850 profe·

302 873 418 935 ceritne
437 869 631 932 astronomia
653 888 761 930 necne.
783 869 905 930 Etenim
929 887 1000 929 cum
1022 868 1114 946 signa
1136 872 1336 942 annumerat,
1358 886 1426 947 quae

302 977 392 1032 extra
406 967 568 1032 zodiacum
584 971 667 1040 sunt,
684 985 851 1027 numerum
872 966 912 1026 ab
927 965 1109 1045 Hipparcho
1124 965 1134 1000 ¹
1151 964 1351 1042 designatum
1365 983 1428 1026 non

301 1066 418 1146 explet,
435 1064 489 1126 sed
508 1069 659 1144 quattuor
675 1064 766 1142 signa
784 1063 823 1124 de
844 1082 969 1124 summa
988 1062 1150 1123 deminuit.
1168 1063 1230 1123 Nec
1249 1061 1352 1140 magis
1366 1062 1427 1123 cla-

302 1162 417 1225 rissimi
429 1161 525 1242 hujus
539 1161 598 1222 viri
616 1161 755 1240 vestigiis
769 1161 895 1237 insistit,
913 1180 984 1221 cum
1004 1159 1233 1220 immutabilem
1249 1179 1307 1239 per
1321 1159 1426 1220 laben·

301 1260 346 1322 tia
360 1259 466 1322 secula
478 1257 548 1320 caeli
561 1258 674 1320 faciem
689 1259 813 1338 magnis
829 1278 904 1320 sane
923 1257 1027 1320 verbis
1044 1264 1075 1318 et
1091 1257 1257 1318 luculentis
1275 1257 1361 1318 canit
1378 1276 1386 1318 ε
1402 1256 1427 1318 si

302 1359 386 1420 enim
398 1357 535 1418 illustres
549 1355 643 1436 hujus
658 1376 749 1418 curas
766 1376 802 1418 ac
820 1355 943 1435 vigilias
961 1355 1156 1441 attendisset,
1171 1373 1236 1416 non
1250 1374 1323 1416 eum
1335 1355 1427 1434 fugis·

302 1462 359 1530 set,
374 1454 600 1534 Hipparchum,
618 1471 689 1514 cum
706 1473 790 1516 nova
805 1454 909 1515 subito
925 1453 1026 1526 stella,
1043 1453 1201 1532 prioribus
1215 1452 1329 1527 invisa,
1345 1471 1428 1514 com·

301 1551 468 1631 paruisset,
484 1569 618 1631 cumque
638 1550 739 1612 altera
755 1551 921 1631 splendida
941 1551 1104 1611 defecisset
1122 1556 1218 1630 atque
1237 1551 1426 1625 evanuisset,

303 1647 511 1710 admirantem
533 1647 566 1706 in
586 1647 664 1708 caelo
683 1667 809 1728 quoque
829 1648 1021 1709 mutationes
1035 1666 1140 1709 rerum
1156 1648 1235 1723 fieri,
1250 1654 1282 1708 et
1298 1647 1350 1708 ubi
1366 1649 1429 1709 fue-

302 1750 374 1806 rant
396 1744 546 1818 tenebrae,
571 1744 727 1822 fulgorem
752 1764 828 1806 mox
851 1745 930 1819 dari,
954 1745 1008 1806 uhi
1033 1764 1106 1806 vero
1130 1745 1245 1825 fulgor,
1269 1745 1426 1824 tenebras,

301 1842 434 1924 posteris
448 1841 584 1902 voluisse
599 1842 734 1915 tradere,
752 1842 856 1922 qualis
874 1862 907 1903 se
922 1843 1044 1903 vivente
1060 1843 1168 1904 fnisset
1187 1843 1298 1903 mundi
1311 1842 1425 1922 figura,

302 1959 372 2021 quae
395 1937 526 2018 singulis
549 1939 638 2000 sedes
660 1941 762 2014 astris,
784 1959 918 2020 quaeque
935 1940 1140 2019 magnitudo,
1160 1940 1255 2020 idque
1278 1939 1312 2000 in
1334 1939 1426 2001 here-

303 2037 400 2100 ditate
422 2037 594 2117 reliquisse,
619 2061 634 2093 «
658 2043 693 2097 ut
713 2037 805 2099 facile
830 2038 964 2099 discerni
986 2045 1091 2118 posset
1115 2058 1153 2098 ex
1174 2057 1222 2117 ec,
1246 2056 1311 2099 non
1332 2038 1427 2099 modo

302 2154 343 2198 an
371 2134 504 2207 abirent,
530 2141 784 2211 nascerenturve,
813 2136 867 2196 sed
896 2155 938 2196 an
966 2136 1096 2196 omnino
1123 2134 1230 2215 aliqua
1257 2135 1427 2196 transirent

303 2239 553 2310 moverenturve,
575 2233 670 2294 etiam
697 2252 738 2294 an
764 2239 950 2307 crescerent,
977 2233 1255 2312 minuerenturque
1279 2233 1302 2292 ².
1327 2258 1342 2290 n
1368 2236 1427 2294 Nec

302 2328 447 2391 eumdem
476 2347 600 2408 semper
628 2330 705 2391 caelo
735 2331 929 2409 adspectum,
958 2331 1102 2391 eamdem
1135 2329 1232 2391 stellis
1259 2330 1427 2392 stationem

302 2444 368 2486 esse
393 2426 591 2504 cognovisset
614 2427 773 2502 Manilius,
800 2427 944 2489 simodo
968 2427 1148 2507 Hipparcho
1174 2428 1315 2507 praebere
1338 2447 1427 2489 aures

301 2521 451 2586 voluisset
468 2548 474 2585 :
490 2541 563 2585 nam
579 2530 792 2605 praeterquam
806 2524 891 2607 quod
904 2531 1077 2587 nascuntur
1090 2531 1121 2587 et
1135 2532 1278 2606 pereunt,
1291 2525 1427 2607 Hippar-

302 2621 379 2682 chus
392 2621 471 2683 illud
487 2621 526 2683 ab
541 2623 638 2683 Arato
652 2621 720 2701 jam
737 2624 936 2684 enuntiatum
956 2624 1196 2698 demonstravit,
1212 2630 1315 2684 totum
1336 2624 1429 2685 simul

302 2720 413 2782 caelum
438 2738 609 2798 omnesque
632 2719 739 2780 stellas
765 2739 802 2782 ac
826 2722 916 2799 signa
941 2740 1004 2782 uno
1030 2727 1131 2799 motu,
1157 2722 1241 2782 lento
1268 2722 1427 2801 tacitoque
1504 2798 1506 2804 Α

302 2816 408 2895 lapsu,
434 2835 598 2896 nunquam
618 2817 772 2877 cessantia
795 2836 898 2897 neque
920 2819 1078 2878 morantia
1102 2818 1187 2892 ferri,
1212 2819 1319 2900 sicque
1343 2838 1428 2881 anuo

302 2930 428 2991 quoque
456 2911 618 2973 immutari
639 2914 800 2993 paulisper
821 2932 857 2974 ac
884 2915 969 2975 velut
994 2916 1170 2995 retrogradi
1194 2916 1429 2997 aequinoctialia

301 3014 332 3069 et
359 3005 536 3069 solstitialia
562 3015 680 3087 puncta
708 3029 714 3071 :
741 3015 791 3083 ut,
818 3010 938 3089 aliquot
962 3010 1077 3093 elapsis
1099 3014 1227 3088 seculis,
1249 3014 1289 3074 ab
1316 3014 1429 3075 eadem

301 3111 393 3167 terrae
419 3112 508 3185 parte
532 3106 687 3186 spectanti
709 3125 774 3168 non
800 3109 910 3169 eadem
937 3110 1006 3170 caeli
1030 3110 1126 3171 facies
1150 3117 1313 3192 appareat,
1341 3131 1428 3191 quae-

302 3209 475 3283 ranturque
497 3202 595 3265 stellae
617 3223 674 3283 per
695 3205 862 3280 mundum,
883 3225 939 3268 nec
961 3208 994 3268 in
1014 3208 1124 3269 eadem
1147 3210 1286 3288 regione,
1308 3209 1343 3269 in
1368 3227 1429 3288 qua

301 3302 414 3382 prioris
440 3300 498 3363 aevi
524 3301 668 3365 homines
695 3321 748 3363 eas
777 3304 979 3382 signaverant
1007 3325 1043 3367 ac
1069 3306 1313 3385 descripserant,
1341 3306 1429 3367 inve·

301 3399 438 3461 niantur.
454 3400 533 3471 Quid
549 3400 645 3478 igitur
657 3400 725 3479 jam
742 3400 801 3462 sibi
816 3402 882 3463 vult
899 3402 955 3463 illa
971 3403 1092 3465 Manilii
1104 3404 1305 3481 declamati0‚
1322 3403 1429 3465 omnia

300 3496 334 3556 in
353 3496 454 3568 terris,
471 3495 550 3556 nihil
567 3497 600 3556 in
615 3496 693 3559 caelo
709 3498 872 3560 immutari
889 3518 896 3560 :
913 3519 986 3561 cum
1004 3507 1114 3562 contra
1128 3507 1159 3561 et
1174 3502 1207 3561 in
1225 3500 1304 3563 caelo
1322 3501 1429 3582 aliqua

302 3597 474 3653 nascantur
495 3598 526 3652 et
549 3600 690 3673 pereant,
712 3594 994 3678 splendescantque
1018 3603 1049 3659 et
1072 3598 1290 3673 obscurentur,
1316 3616 1428 3680 proce·

301 3688 379 3749 dant
392 3687 615 3771 recedantque,
631 3711 689 3753 nec
704 3692 842 3755 caelestia
857 3695 939 3757 inter
954 3696 1175 3777 terrestriaque
1191 3696 1276 3757 aliud
1293 3696 1425 3769 intersit,

301 3785 361 3847 nisi
379 3791 525 3848 terrestre
545 3788 695 3851 saeculum
716 3792 873 3853 caelestem
892 3793 973 3854 diem
994 3813 1072 3869 esse,
1086 3813 1245 3876 quamque
1264 3794 1428 3856 immorta-

301 3883 422 3946 litatem
441 3885 475 3946 in
494 3885 671 3949 caelestibus
691 3890 903 3968 agnoscimuS,
918 3891 1157 3953 diuturnitatem
1178 3892 1334 3953 duntaxat
1350 3908 1425 3964 esse,

301 3998 371 4059 quae
386 4001 567 4046 mensuram
582 3991 724 4047 nostram
740 3987 893 4049 excedat?
1186 3993 1188 3999 ‘

331 4166 353 4213 l.
366 4163 443 4229 Ptin,
457 4166 523 4218 Hiar.
538 4172 605 4227 nat,
621 4168 652 4230 ll,
669 4172 709 4233 tl,
728 4173 781 4222 26:
803 4174 900 4237 Ausus,
916 4188 973 4225 rem
993 4175 1074 4226 etiam
1096 4176 1151 4227 Deo
1166 4174 1328 4239 improbam,
1341 4186 1426 4225 aunu-

207 4217 209 4222 ’
300 4248 402 4287 merare
416 4239 645 4300 posterisstellas.

330 4308 354 4356 2.
369 4305 419 4365 ld.‚
436 4306 502 4357 ibid.
