3184 5125
541 1307 696 1379 CAPUT
722 1309 953 1394 QUAlt'l'UM

175 1643 277 1702 QUAM
304 1643 490 1694 RHETORICE
515 1645 672 1694 Mantalos
699 1647 766 1694 REM
791 1647 1050 1698 AS'lROLOGlCAM
1075 1649 1310 1702 conclavatus.

216 1927 293 1989 Fuit
309 1926 453 1988 Manilius
470 1932 579 1987 noster
593 1945 699 1988 merus
717 1947 753 1989 ae
775 1929 917 1991 sincerus
935 1930 1065 1992 omnino
1085 1931 1204 1994 rhetor.
1222 1933 1312 2005 Quod

180 2025 305 2086 multos
320 2031 403 2100 ante,
416 2025 471 2104 qui
482 2025 701 2086 Astronomica
715 2025 911 2101 evolverunt,
923 2045 990 2087 non
1003 2028 1097 2106 fugit,
1113 2034 1146 2089 at
1160 2030 1313 2090 nonsatis

179 2129 238 2198 est,
257 2123 286 2184 si
300 2123 370 2202 quis
382 2123 483 2184 multa
501 2123 657 2184 rhetorice
677 2122 761 2184 dicta
776 2123 862 2203 apud
878 2124 1041 2185 Manilium
1055 2130 1144 2186 notat
1162 2142 1170 2187 :
1186 2131 1313 2205 oportet

178 2226 287 2282 totum
302 2239 417 2302 poema
437 2239 455 2281 a
473 2221 598 2282 rhetore
617 2221 712 2281 fuisse
727 2221 889 2282 eonditum
904 2239 1124 2300 agnoscamus.
1139 2223 1210 2284 tam
1227 2222 1311 2287 enim

180 2338 253 2397 quae
279 2338 381 2400 nuper
400 2318 549 2400 patefeci,
569 2337 633 2380 non
653 2318 742 2379 illum
762 2319 902 2380 veritatis
923 2339 1029 2398 causa,
1047 2319 1102 2381 sed
1121 2320 1311 2400 splendoris

178 2435 239 2478 nec
253 2417 295 2477 ad
310 2417 542 2497 explicandam,
555 2416 608 2478 sed
624 2417 664 2478 ad
680 2417 856 2478 ornandam
869 2418 1035 2478 materiam
1050 2419 1167 2481 multos
1181 2437 1198 2480 e
1213 2419 1313 2481 stoica

180 2513 352 2596 disciplina
371 2522 537 2595 ceteraque
555 2515 758 2595 philosophia
777 2515 864 2578 locos
888 2517 1103 2598 assumpsisse,
1120 2536 1221 2597 neque
1237 2517 1313 2597 quia

179 2614 321 2675 vividam
341 2614 542 2674 astronomiae
565 2614 660 2674 fidem
682 2614 798 2695 etipse
817 2613 949 2676 haberet
966 2615 1189 2693 allegantibus
1207 2617 1311 2677 facere

177 2712 286 2785 vellet,
302 2711 373 2772 ideo
389 2711 543 2774 rationem
557 2711 626 2791 ejus
637 2712 788 2773 doctrinae
802 2712 965 2787 evolvisse,
977 2712 1030 2773 sed
1042 2712 1143 2792 gloria
1156 2717 1310 2793 susceptae

178 2809 331 2872 novitatis
341 2814 560 2890 superatasque
575 2809 769 2871 difficultatis
780 2811 820 2871 ad
830 2809 1030 2871 scribendum
1042 2810 1190 2872 allectum
1203 2810 1309 2885 luisse,

178 2924 216 2969 ea
231 2908 376 2989 prolecto
391 2908 549 2969 rhetorem
563 2907 639 2968 satis
653 2908 805 2970 indicant.
822 2911 981 2988 Attamen,
998 2908 1025 2970 si
1038 2909 1192 2989 quasdam
1206 2908 1311 2991 operis

177 3012 297 3084 partae,
314 3011 344 3067 ct
362 3005 470 3066 tenuia
482 3007 627 3085 quaedam
643 3025 679 3067 ac
694 3007 817 3068 minuta
829 3006 1012 3085 singillatim
1027 3007 1310 3084 considerabimus,

179 3104 283 3165 multo
299 3104 496 3164 manifestius
511 3104 694 3184 apparebit,
710 3106 765 3184 qui
780 3106 914 3183 scriptor
927 3105 979 3169 hie
993 3106 1098 3166 luerit.

222 3201 283 3263 Sed
296 3200 410 3282 aliquis
426 3202 532 3262 forsan
545 3201 753 3280 interrogabit
769 3201 1036 3281 quemadmodum
1052 3201 1173 3262 homini
1189 3200 1310 3262 rhetori

175 3299 288 3362 venire
307 3299 339 3358 in
359 3305 496 3359 mentem
517 3298 655 3379 potuerit
674 3317 740 3358 rem
761 3305 826 3359 tam
850 3297 1016 3358 obscuram
1033 3299 1176 3377 tantique
1191 3296 1313 3359 laboris

178 3396 340 3477 explicare
358 3414 364 3457 :
380 3415 453 3457 nam
468 3396 558 3457 illum
578 3396 718 3457 novitate
739 3402 769 3456 et
786 3394 972 3456 difficultate
987 3395 1070 3455 trahi
1086 3394 1224 3475 potuisse
1237 3412 1314 3457 eon-

176 3494 299 3567 tendct,
309 3494 362 3554 sed
373 3493 418 3554 ini
431 3493 457 3555 is
468 3500 590 3555 tantum
602 3513 673 3574 quae
686 3512 750 3554 non
760 3493 846 3573 vulgi
856 3493 1001 3554 notitiam
1015 3493 1094 3554 adeo
1109 3493 1311 3555 excederent,

175 3592 219 3651 At
234 3590 388 3667 rhetores,
401 3611 471 3653 cum
487 3592 567 3652 miro
583 3591 705 3651 dicendi
720 3598 751 3652 et
766 3591 919 3652 scribendi
933 3611 1004 3672 quae
1016 3591 1146 3671 plausus
1161 3590 1316 3653 elicerent.

176 3688 283 3751 studio
298 3688 552 3764 incenderentur,
569 3707 633 3749 uon
648 3708 685 3750 ea
699 3695 824 3750 tantum
839 3688 1037 3749 rimabantur
1051 3708 1122 3769 quae
1136 3689 1177 3749 ad
1189 3689 1316 3775 litteras-

176 3786 317 3867 quodam
332 3786 427 3847 modo
438 3788 639 3867 pertinerent.
653 3786 835 3848 Trahebant
845 3806 861 3846 e
871 3786 1081 3866 philosophiae
1092 3786 1314 3848 remotissimis

177 3883 332 3945 doctrinis
346 3890 440 3964 atque
460 3904 498 3947 er
513 3884 600 3948 omni
615 3883 755 3945 historiae
772 3902 808 3944 ac
830 3883 967 3944 scientiae
987 3891 1087 3962 parte,
1104 3883 1189 3963 quod
1209 3902 1313 3963 usque

177 4000 286 4061 perse
308 3982 541 4059 admirandum,
564 3982 668 4044 verbis
689 3981 809 4042 illustre
828 3980 896 4041 fieri
915 3987 1031 4060 posset,
1057 3980 1168 4060 suique
1190 3979 1311 4060 ingenii

177 4080 298 4141 lamam
317 4077 379 4141 late
398 4080 597 4142 diffunderet.
614 4082 676 4141 Nec
694 4098 731 4141 eo
752 4078 904 4150 contenti,
924 4085 1073 4139 naturam
1093 4096 1219 4141 omnem
1234 4078 1312 4141 diri·

179 4177 322 4257 piebant,
335 4178 503 4258 omniaque
519 4177 590 4258 qua?
601 4178 634 4238 in
652 4195 688 4239 ea
703 4195 836 4257 usquam
850 4176 1073 4257 conspicienda
1082 4182 1184 4253 erant,
1196 4182 1311 4255 terras,

177 4294 348 4355 oceanum,
369 4294 454 4351 aera,
475 4294 562 4353 saxa,
583 4294 693 4356 aquas,
714 4275 850 4357 plantas,
871 4274 1034 4353 animalia,
1055 4295 1231 4359 rerumque
1243 4292 1313 4356 om·
