3184 5125
634 432 795 494 -11-
890 483 893 490 ,

140 565 216 639 11111,
229 564 298 624 fato
315 561 422 624 omnia
437 561 601 639 subjicere.
621 564 710 626 Multi
726 565 810 626 enim
825 573 899 630 ante
919 570 1077 630 Zenonem
1093 590 1274 649 gravemur

140 663 286 724 divinam
302 661 473 740 quamdam
491 660 523 720 in
539 660 631 723 rebus
650 662 798 725 humanis
817 665 881 726 vim
898 672 1091 746 putaverunt
1109 670 1274 751 explicari,

140 780 215 841 quae
231 765 347 820 cuncta
366 759 506 820 traheret
522 759 746 840 fortunamque
770 761 883 843 cuique
902 764 1099 840 informaret,
1118 774 1153 828 ut
1172 788 1276 850 neque

140 876 213 919 eam
230 856 359 930 mutari,
376 875 478 936 neque
496 857 524 918 ei
542 857 661 918 obstari
674 858 792 921 liceret.
816 861 1000 922 Homericus
1017 863 1135 925 scilicet
1150 866 1276 947 Jupiter

139 956 209 1035 ipse
233 960 334 1037 μοῖραν
359 954 450 1029 00111,
476 955 775 1037 dilectissimumque
806 958 906 1020 filium
934 959 1071 1039 exigenti
1099 962 1166 1024 fato
1192 964 1271 1028 dat:

139 1073 241 1134 quam
260 1051 407 1114 eamdem
426 1053 561 1114 ferream
576 1053 695 1136 ἀναγκὴν
710 1056 874 1134 tragoediae
894 1058 957 1119 fere
973 1077 1082 1121 omnes
1101 1060 1134 1119 in
1149 1064 1274 1142 maguis

139 1151 278 1212 heroum
307 1169 343 1211 ac
366 1169 477 1229 regum
506 1150 605 1212 ruinis
628 1170 666 1213 ac
694 1152 826 1214 miseriis
852 1154 1032 1218 ostendunt.
1057 1158 1149 1236 Apud
1172 1161 1271 1222 Hero·

140 1250 254 1310 dotum
271 1266 396 1328 quoque
416 1249 482 1310 lato
501 1249 609 1327 urgeri
623 1250 773 1311 mortales
788 1251 933 1331 plurimis
949 1254 1026 1314 locis
1042 1255 1245 1334 intelligimus
1261 1276 1269 1321 :

139 1346 216 1407 hinc
242 1345 298 1406 illa
321 1346 391 1426 ipsa
416 1346 576 1411 1101101001
594 1346 740 1428 exempla
760 1349 874 1428 quibus
893 1350 1039 1412 Manilius
1058 1351 1160 1413 latum
1179 1373 1269 1416 com·

139 1444 259 1526 probat
275 1461 283 1506 :

285 1621 375 1692 Inque
390 1635 461 1692 rogo
477 1621 604 1676 Croesum
609 1661 664 1675 .....

412 1741 465 1757 .....
483 1701 559 1766 Quid
572 1704 703 1771 Xerxem,
720 1703 816 1776 majus
835 1709 864 1760 et
877 1703 939 1777 ipso

284 1780 473 1853 Naufragium
492 1781 599 1855 pelago
615 1785 636 1839 ¹.

177 1950 245 2028 Age
260 1966 347 2024 vero,
365 1968 404 2010 ne
418 1948 584 2010 Graiorum
600 1950 727 2029 quidem
742 1950 934 2031 sapientium
955 1951 1010 2011 illa
1025 1951 1082 2012 fati
1097 1951 1184 2013 velut
1197 1951 1268 2013 reli·

139 2045 192 2123 gio
207 2046 268 2106 fuit
287 2068 294 2106 ε
311 2046 417 2108 10111110
432 2048 527 2108 etiam
543 2053 616 2108 ante
629 2049 730 2126 anuis,
747 2067 819 2108 cum
834 2048 892 2108 feri
907 2053 938 2108 01
952 2047 1062 2108 inculti
1074 2067 1132 2127 per
1146 2054 1269 2109 montes

138 2150 171 2204 et
191 2144 302 2204 1111010
320 2145 445 2206 Graeciae
466 2151 619 2224 errarent,
643 2145 745 2206 omnis
763 2151 871 2206 autem
890 2144 1073 2205 humanitus
1089 2163 1185 2224 penes
1200 2162 1266 2218 eos,

139 2241 197 2321 qui
224 2247 334 2321 postea
355 2242 482 2304 barbari
507 2242 660 2322 appellati
683 2247 766 2318 01101,
784 2241 930 2316 florebat,
954 2240 1064 2303 eadem
1094 2241 1151 2303 illa
1173 2239 1265 2303 Chal·

138 2337 201 2400 daei
224 2340 369 2418 docuere,
391 2360 461 2422 quae
480 2344 564 2402 Zeno
585 2360 647 2401 000
670 2360 760 2406 0000,
772 2340 902 2414 1000011,
920 2341 974 2401 sed
993 2340 1154 2402 revocavit
1174 2357 1265 2422 paene

139 2437 334 2500 obliterata:
354 2435 505 2517 cognatas
528 2439 610 2499 inter
629 2457 661 2499 sc
685 2444 815 2500 cunctas
838 2437 946 2498 mundi
967 2444 1084 2518 partes,
1103 2440 1267 2519 Deumque

139 2536 226 2599 omni
251 2556 359 2599 rerum
381 2537 456 2598 moli
473 2537 612 2598 infusum
637 2555 772 2617 cumque
787 2536 918 2615 singulis
944 2535 1087 2617 partibus
1108 2536 1263 2615 habitare,

137 2636 308 2716 omniaque
331 2642 362 2697 01
383 2654 536 2716 prospera
561 2642 592 2697 01
619 2635 752 2696 adversa
777 2641 809 2695 01
828 2634 912 2695 bona
929 2641 960 2695 01
982 2634 1066 2695 mala
1090 2636 1156 2695 fato
1181 2634 1266 2695 trahi

137 2740 329 2813 aeternaeque
366 2733 557 2794 necessitatis
585 2732 695 2794 iisdem
731 2751 856 2812 semper
884 2731 1018 2793 vinculis
1049 2750 1120 2792 cum
1155 2732 1267 2792 mundi

136 2830 241 2909 figura
262 2837 483 2911 astrorumque
501 2830 637 2897 motibus
663 2850 730 2891 esse
751 2830 873 2909 juncta.
896 2830 987 2902 Quod
1009 2849 1048 2891 ex
1069 2829 1267 2909 apertissimo

137 2928 280 2989 Philonis
291 2928 394 2989 Judaei
413 2927 483 3011 1000
500 2928 544 2989 010
561 2927 762 2990 manifestum
784 2926 920 2990 exstabit
938 2933 973 2989 ut
988 2927 1068 2987 011111
1084 2926 1166 2989 01110
1181 2948 1267 3008 quae·

137 3027 275 3087 aeudum
291 3026 341 3087 sit.
363 3026 491 3087 iudaeus
506 3032 611 3086 0111010
627 3026 836 3107 philosophus
850 3026 895 3087 ita
909 3024 1071 3104 loquitur:
1094 3048 1110 3083 «
1126 3026 1268 3088 Chaldaei

136 3130 210 3184 aute
233 3131 353 3185 ceteras
374 3130 484 3203 gentes
502 3126 746 3185 astronomicam
765 3130 866 3185 artem
888 3130 920 3184 et
939 3124 1171 3202 genethliacam
1190 3142 1265 3203 pro-

136 3222 274 3283 movisse
290 3222 455 3283 videntur:
472 3240 559 3296 nam,
574 3222 647 3283 dum
664 3221 825 3283 terrestria
840 3239 911 3281 cum
927 3220 1047 3298 superis
1061 3224 1263 3293 connectunt,

136 3318 314 3398 caelumque
330 3320 429 3381 infero
445 3338 516 3380 cum
539 3318 627 3393 orbe,
644 3338 682 3379 ex
702 3317 762 3378 hac
784 3322 969 3377 cunctarum
991 3315 1101 3375 mundi
1126 3316 1264 3393 partium

135 3422 251 3477 mutua
270 3416 468 3496 cognatione,
489 3417 578 3490 locis,
597 3435 662 3477 non
678 3419 793 3475 natura
806 3412 1001 3492 distantium,
1018 3412 1190 3492 quamdam
1208 3432 1264 3473 cx·

135 3532 279 3593 pressere
289 3514 501 3594 harmoniam,
513 3534 583 3596 quae
594 3532 647 3575 eas
657 3513 795 3593 quodam
808 3512 894 3573 001111
906 3510 1023 3572 musico
1036 3517 1190 3572 00000010
1202 3510 1268 3572 010-

135 3610 225 3673 ciret.
242 3612 287 3674 Ac
307 3612 481 3693 conjacere,
498 3612 607 3673 orbem
622 3611 706 3672 hunc
722 3611 776 3690 qui
796 3608 939 3671 sensibus
955 3608 1070 3669 0001110
1088 3608 1263 3689 subjicitur,

134 3710 237 3771 Deum
250 3728 327 3785 esse,
339 3711 403 3772 sive
415 3729 516 3791 perse
530 3710 646 3790 ipsum,
658 3709 721 3770 0100
732 3706 893 3770 communi
903 3704 1015 3768 saltem
1030 3725 1094 3787 qua
1107 3706 1267 3783 animatur

135 3824 173 3868 ac
196 3808 274 3869 vivit
291 3815 412 3884 mente;
425 3808 565 3889 dumque
583 3812 719 3869 mentem
742 3806 830 3867 illam
848 3804 907 3865 fati
925 3804 1053 3865 0010100
1075 3824 1111 3865 00
1132 3805 1266 3866 0000001-

134 3905 210 3965 tatis
238 3913 380 3981 sacrant,
410 3905 586 3981 humanam
612 3906 709 3966 vitam
736 3904 838 3964 multa
865 3902 1026 3981 impietate
1054 3902 1263 3975 foedaverunt,

136 4021 209 4063 cum
235 4004 405 4065 suaderent
432 4004 644 4081 phaenomena
665 4002 772 4062 omnia
793 3998 889 4061 nullis
913 4018 952 4059 ex
973 3997 1042 4058 aliis
1065 3997 1166 4059 causis
1190 3998 1266 4058 oriri

135 4119 232 4179 quam
256 4121 328 4183 quae
355 4101 455 4163 oculis
478 4100 706 4181 percipiuntur,
728 4104 758 4160 01
776 4097 853 4175 0010,
869 4115 905 4158 ac
928 4095 1015 4172 luna,
1040 4094 1268 4175 stellarumque

168 4311 191 4361 l.
203 4310 286 4371 Mau..
298 4309 415 4369 Astron„
430 4309 473 4372 lv,
486 4309 526 4370 61,
541 4310 581 4358 61.
