3184 5125
791 473 955 537 „m-

347 610 483 672 onvium
502 607 559 669 tibi
578 607 647 682 erit,
666 607 840 682 Manilium,
858 626 928 669 cum
950 625 988 668 ea
1011 609 1215 685 componeret
1237 610 1267 666 et
1285 604 1438 679 Lucretii,

301 716 334 771 ct
354 707 467 782 Ovidii,
487 707 610 770 Horatii
640 707 734 768 etiam
759 724 934 769 memorem
959 704 1067 782 fuisse,
1084 702 1256 764 stoicorum
1285 721 1361 765 vero
1386 703 1439 764 vel

302 805 479 870 admodum
503 806 650 884 ignarum
676 804 725 864 vel
755 810 789 864 ut
814 803 868 885 qni
896 802 1030 864 maxime
1059 801 1281 880 negligentem.
1307 801 1440 862 Constat

303 905 390 965 enim
418 903 533 964 stoicos
560 901 709 964 Heracliti
738 901 928 964 sententiam
953 899 1117 980 amplexos
1136 898 1245 972 fuisse,
1267 899 1438 979 ignemque

302 1000 435 1078 elegisse
461 1001 513 1062 cui
535 1018 670 1080 corpora
699 999 807 1060 omnia
831 998 990 1079 gignenda
1016 1003 1226 1075 naturamque
1256 996 1438 1076 universam

304 1099 541 1179 permitterent:
560 1098 644 1158 hunc
662 1097 782 1158 aethera
795 1104 901 1177 πνεῦμα
916 1094 1137 1177 appellavisse,
1151 1094 1320 1174 ignemque
1336 1094 1437 1155 artifi-

253 1250 257 1258 .
302 1215 373 1256 cem
384 1212 391 1256 :
404 1214 475 1256 cam
486 1214 552 1256 esse
568 1195 631 1255 vim
648 1195 887 1276 opinatos,quae
903 1200 934 1256 et
948 1193 1116 1254 creavisset
1126 1192 1235 1253 omnia
1249 1197 1279 1252 et
1295 1192 1439 1253 animare

286 1369 289 1378 .
305 1299 451 1374 pergeret
466 1293 487 1355 ¹.
505 1294 606 1367 Quam
623 1293 729 1354 Cicero
746 1293 928 1374 opinionem
942 1311 999 1352 sua
1011 1290 1138 1370 quidem
1151 1291 1309 1352 sententia
1323 1310 1439 1370 parum

304 1390 503 1472 probabilem
525 1390 628 1452 verbis
652 1391 828 1452 illustribus
847 1389 1018 1471 patefecit:
1045 1389 1185 1452 «Omnia
1199 1388 1306 1464 vestri,
1326 1388 1436 1462 Balbe,

303 1489 408 1549 solent
423 1489 462 1549 ad
477 1489 603 1567 igneam
619 1486 683 1550 vim
699 1489 826 1564 reterre,
842 1486 1049 1559 Heraclitum,
1066 1492 1101 1547 ut
1116 1485 1240 1566 opinor,
1256 1488 1440 1564 sequentes

305 1585 355 1646 lta
369 1585 471 1657 voltis,
487 1585 610 1663 opinor,
627 1585 707 1645 nihil
728 1605 794 1646 csse
810 1586 947 1646 animale
962 1584 1150 1646 intrinsecus
1158 1583 1196 1650 ¹in
1210 1589 1325 1644 natura
1341 1590 1438 1664 atque

306 1682 425 1742 mundo
447 1687 562 1762 praeter
581 1682 686 1760 ignem
691 1729 752 1744 .....
770 1684 903 1754 Quando
926 1688 1032 1743 autem
1052 1681 1113 1742 hoc
1135 1682 1224 1762 quasi
1246 1682 1439 1743 concedatur

305 1779 439 1856 sumitis,
451 1779 530 1839 nihil
543 1798 610 1839 esse
622 1779 765 1840 animum
781 1780 841 1840 nisi
855 1780 961 1858 ignem
972 1779 1028 1838 'ir
1043 1780 1129 1860 lique
1141 1779 1211 1860 ipsi,
1225 1779 1281 1858 qui
1294 1799 1314 1839 a
1325 1779 1440 1841 ceteris

306 1876 542 1949 dissentiebant,
562 1895 625 1937 riou
641 1877 686 1937 ita
701 1877 741 1938 ab
757 1897 867 1938 eornm
884 1877 1041 1938 sententia
1056 1877 1282 1949 abhorrebant,
1296 1884 1332 1938 ut
1346 1878 1440 1938 dubi-

305 1975 405 2036 tanda·
428 1994 476 2036 res
500 1974 624 2054 integra
653 1975 823 2036 videretur.
852 1976 1001 2036 «Zenoni
1029 1982 1061 2036 ct
1086 1975 1217 2054 reliquis
1240 1976 1306 2036 fere
1331 1975 1439 2036 stoicis

306 2071 407 2134 aether
421 2073 544 2135 videtur
559 2091 702 2134 summus
715 2075 809 2148 Deus,
826 2081 931 2135 mente
945 2074 1108 2154 praeditus,
1123 2092 1188 2153 qua
1203 2073 1310 2135 omnia
1324 2091 1438 2152 regan·

307 2174 369 2232 tur.
395 2170 572 2244 Cleanthes,
589 2171 643 2250 qui
662 2171 750 2251 quasi
766 2172 926 2250 maj0rum
940 2177 987 2232 est
1002 2171 1144 2249 gentium
1160 2170 1288 2248 stoicus,
1302 2171 1437 2233 Zenonis

307 2268 445 2341 auditor,
468 2266 567 2329 solem
597 2269 755 2330 dominari
782 2276 813 2330 ct
840 2288 947 2331 rerum
970 2269 1066 2349 potiri
1093 2274 1195 2349 putat.
1218 2268 1267 2330 lta
1293 2269 1437 2346 cogimur

308 2364 501 2426 dissensione
516 2366 707 2445 sapientium
726 2368 891 2428 dominum
910 2374 1054 2428 nostrum
1068 2367 1228 2446 ignorare,
1246 2367 1363 2447 quippe
1383 2368 1437 2447 qui

308 2461 495 2538 nesciamus,
513 2463 573 2523 soli
594 2482 635 2524 an
657 2464 767 2525 aetheri
782 2465 956 2526 serviamus
968 2467 991 2524 ³.
1010 2487 1026 2520 »
1044 2465 1081 2524 ln
1103 2464 1169 2526 sole
1185 2484 1259 2526 vero
1279 2464 1326 2525 vis
1343 2465 1436 2544 ignea

307 2558 503 2637 dominatur;
533 2580 590 2622 nec
625 2560 690 2624 sole
721 2561 822 2624 aether
847 2563 1026 2625 extruditur
1054 2582 1158 2624 rerum
1186 2564 1327 2624 omnium
1352 2564 1434 2642 regi-

266 2722 269 2728 ,
307 2657 405 2719 mine.
422 2658 496 2730 Quis
510 2658 607 2738 igitur
622 2659 755 2734 dubitet,
772 2661 850 2738 quin
865 2661 1020 2738 Manilius,
1037 2661 1062 2721 si
1080 2661 1197 2723 stoicus
1209 2662 1319 2723 fnisset
1333 2681 1434 2742 neque

279 2746 463 2817 ¹summam
484 2776 591 2818 rerum
619 2758 686 2835 igni
706 2760 920 2836 concessisset,
937 2760 1034 2821 solem
1060 2758 1172 2820 saltem
1195 2762 1295 2821 Deum
1320 2778 1357 2821 ac
1380 2779 1435 2840 pa·

306 2859 428 2913 rentem
446 2855 586 2914 omnium
604 2855 760 2933 elegisset,
778 2857 1005 2936 sententiaeque
1019 2876 1052 2918 se
1068 2857 1236 2919 dedidisset
1250 2878 1320 2938 quae
1335 2864 1434 2919 astro-

299 2949 453 3027 logorum
469 2952 602 3031 repertis
615 2952 788 3032 plurimum
805 2972 881 3014 sane
893 2955 1022 3016 faveret.
1035 2954 1093 3017 Sed
1106 2974 1171 3015 non
1181 2955 1214 3015 in
1224 2959 1328 3017 arcto's
1342 2955 1435 3016 unius

304 3046 459 3108 doctriuae
487 3047 566 3109 fines
598 3068 630 3109 se
659 3050 814 3111 coarctari
841 3070 952 3131 passus
973 3058 1019 3113 est
1048 3070 1215 3133 :namque
1238 3053 1309 3133 plus
1337 3072 1434 3134 quam

305 3144 424 3206 stoicus
441 3144 512 3220 luit,
535 3146 642 3226 itaque
668 3147 809 3209 curiosus
829 3148 1040 3231 philosophiae
1066 3157 1161 3231 atque
1186 3152 1432 3227 amantissimus,

307 3247 342 3303 ut
367 3262 477 3306 omnes
502 3244 694 3325 sapientium
722 3246 887 3327 opiniones
913 3249 983 3329 pari
1007 3247 1110 3311 studio
1134 3250 1297 3329 reciperet,
1323 3269 1432 3330 parem

306 3341 447 3403 versibus
477 3344 660 3423 materiam,
689 3351 786 3425 utque
818 3346 958 3427 quinque
987 3354 1042 3410 aut
1069 3366 1125 3409 sex
1152 3347 1323 3408 sententias
1349 3348 1431 3429 pari-

304 3442 354 3497 ter
373 3438 563 3502 dubitandas
582 3460 760 3523 proponere
781 3463 878 3524 quarn
894 3445 1005 3506 ceteris
1020 3444 1143 3507 omissis
1157 3463 1254 3506 unam
1274 3445 1432 3507 affirmare

306 3533 427 3595 mallet.
958 3565 962 3571 ·

345 3633 385 3691 At
406 3634 540 3694 Romani
564 3635 598 3695 in
620 3636 707 3700 omni
729 3637 977 3723 philosophandi
1003 3659 1116 3720 genere
1136 3638 1299 3721 physicam
1321 3641 1430 3703 ethicae

289 3734 560 3809 postposuerunt,
583 3732 673 3813 eique
696 3734 780 3815 parti
803 3742 902 3797 totam
928 3756 1058 3817 operam
1072 3739 1226 3836 dederunt
1243 3758 1314 3819 quae
1330 3758 1431 3801 mores

336 3957 357 4004 l.
373 3956 528 4019 Ravaisson,
546 3974 587 4025 op.
606 3960 686 4021 laad,
704 3977 729 4025 p.
748 3965 787 4025 19,
800 3965 839 4013 2⁰.

334 4026 357 4073 2.
374 4025 437 4089 Cic,
451 4028 487 4078 De
500 4028 562 4080 Nat.
579 4032 664 4090 beon,
680 4032 724 4095 llI,
741 4035 779 4095 ll,
794 4035 833 4084 55.
849 4061 880 4071 -
893 4035 978 4101 Virg,
989 4036 1119 4100 AEn.‚.vl,
1135 4039 1190 4088 730.
1221 4085 1223 4088 .

555 4156 638 4208 Igneus
650 4159 685 4198 est
697 4156 748 4199 ollis
762 4158 827 4212 vigor
838 4172 865 4201 ac
876 4160 972 4203 celestis
984 4162 1048 4216 origo

555 4216 688 4259 seminibus

333 4324 682 4393 mumdum
