3184 5125
186 2550 189 2555 ·
288 2536 340 2598 vel
354 2556 425 2599 cum
439 2541 625 2604 Germanico
640 2543 804 2625 antiquam
824 2544 927 2625 Trojae
947 2543 1053 2608 sedem
1073 2545 1227 2622 invisisse,
1243 2547 1320 2628 quia
1333 2566 1421 2628 saepe

780 467 942 531 ..12-

295 606 377 667 Fieri
387 611 493 667 autem
504 608 618 685 potest,
631 603 656 663 si
668 601 735 681 jem
747 599 816 661 aliis
826 601 865 662 de
877 602 978 662 causis
993 601 1142 663 Manilius
1152 602 1276 665 Tiberio
1291 605 1426 685 aequalis

296 703 389 785 fuisse
414 703 612 781 agnoscitur,
642 709 675 760 ut
699 692 864 760 credamus
890 699 939 759 his
963 699 1104 761 versibus
1132 707 1301 763 tremorem
1332 701 1423 764 illum

295 806 387 862 terrae
401 800 545 877 indicari,
565 816 628 879 quo
644 796 810 857 duodecim
824 796 905 857 Asiae
921 797 1015 858 urbes
1034 798 1264 861 florentissimae
1280 800 1423 873 funditus

295 906 368 959 suut
392 918 519 961 eversa.
545 896 605 959 Sed
628 894 716 956 nullo
741 893 836 955 modo
861 913 900 956 ex
923 894 972 955 tris
995 895 1101 974 colligi
1124 903 1238 975 potest,
1261 898 1423 961 Manilium

295 996 420 1058 Tiberio
444 996 538 1057 fuisse
556 992 711 1075 aequalem
735 1011 836 1053 :nam
860 992 920 1053 nisi
941 993 972 1053 id
994 994 1134 1072 primum
1154 996 1230 1056 satis
1252 995 1422 1071 constabit,

291 1094 442 1173 jamnon
464 1099 511 1153 est
525 1111 581 1153 cur
601 1097 747 1172 putemus
763 1090 920 1151 dicentem
940 1091 978 1151 de
1000 1090 1144 1153 universo
1164 1098 1291 1172 poetam
1311 1094 1365 1154 uui
1384 1114 1423 1156 ac

294 1195 387 1252 certae
409 1191 455 1252 rei
470 1190 583 1271 potius
605 1188 746 1251 allusisse
771 1207 867 1267 quam
891 1188 1003 1249 ceteris
1022 1189 1162 1269 ejusdem
1187 1191 1310 1269 generis
1328 1192 1419 1253 iunu-

293 1288 449 1370 merisque
464 1288 569 1351 rebus.
1215 1356 1220 1361 ,

332 1388 394 1447 Nec
415 1387 453 1448 iis
478 1384 684 1459 immorabor,
701 1384 817 1464 quibus
840 1384 948 1445 Freier
975 1385 1147 1459 contendit,
1176 1386 1227 1446 vel
1252 1386 1419 1448 obscuram

293 1489 395 1563 poctae
420 1484 595 1544 orationem
620 1500 685 1543 non
711 1481 771 1541 uisi
800 1488 881 1543 tecto
902 1482 1036 1561 priucipi
1061 1488 1092 1543 et
1118 1482 1252 1543 obscura
1278 1484 1422 1563 loquenti

294 1579 430 1641 dedicari
444 1579 582 1659 potuisse
594 1579 604 1613 ¹
615 1601 622 1652 3
632 1578 681 1639 vel
693 1578 869 1639 Germanici
880 1578 1106 1658 astrologicam
1116 1579 1225 1642 thema
1235 1580 1266 1641 in
1281 1582 1420 1661 quadam

293 1683 382 1756 parte
405 1676 547 1756 reperiri,
571 1695 640 1755 quae
662 1674 903 1755 jurisconsultos
925 1676 1114 1758 urbiumque
1138 1684 1169 1739 et
1193 1678 1370 1741 conditores
1389 1687 1420 1741 et

293 1792 452 1837 eversores
474 1774 568 1845 certis
580 1773 676 1853 signis
697 1773 800 1835 reddit
815 1773 842 1848 ¹;
859 1774 907 1835 vel
927 1774 1088 1836 Manilium
1110 1776 1295 1858 Germanico
1313 1778 1420 1839 Asiam

292 1872 410 1951 petenti
419 1871 566 1934 comitem
575 1890 607 1933 se
616 1869 1422 1955 addidisse,eoscilicetuomiue,quiaaGoloplronio

291 1970 418 2050 quidem
438 1969 602 2050 Apollinis
630 1970 760 2051 templo,
783 1969 868 2049 quod
891 1972 1093 2032 Germanicus
1116 1972 1208 2048 adiit,
1230 1974 1420 2036 arcebantur

291 2067 446 2141 volucres,
470 2067 614 2129 Manilius
634 2074 740 2129 autem
760 2069 933 2130 novitatem
952 2069 1058 2149 operis
1081 2069 1246 2145 extollens,
1263 2071 1419 2151 integrum

289 2185 322 2228 se
338 2166 457 2228 undam
472 2184 614 2245 quaerere
627 2166 754 2240 fatetur,

435 2349 526 2413 Quem
542 2367 638 2423 neque
652 2351 756 2407 durato
772 2355 925 2425 gustarunt
935 2369 984 2409 ore
998 2354 1127 2409 volucres
1143 2356 1203 2422 ³...;

290 2637 456 2701 Homerica
468 2639 629 2720 {poemata
656 2649 885 2703 commemorat
910 2644 941 2718 ⁴;
964 2644 1013 2705 vel
1040 2664 1248 2724 quaecumque
1274 2646 1313 2706 de
1330 2645 1420 2706 dolis

289 2737 451 2816 ruptisque
467 2739 637 2800 foederibus
650 2746 681 2801 et
693 2739 810 2818 linguae
823 2759 943 2802 veneno
957 2742 1090 2820 scripsit,
1107 2761 1146 2803 ca
1160 2742 1267 2804 omnia
1281 2743 1314 2803 iu
1328 2743 1417 2805 Piso-

289 2850 361 2892 nem
377 2834 546 2909 effinxisse,
563 2837 654 2916 eique
668 2838 762 2900 etiam
777 2839 913 2900 Piscium
929 2840 1069 2914 nomine,
1087 2841 1171 2921 quod
1192 2841 1318 2919 signum
1337 2841 1418 2902 dolis

290 2928 435 3009 imperet,
448 2931 589 2994 allusisse
600 2935 628 3008 ὅ;
641 2935 691 2996 vel
704 2935 838 3016 denique
849 2936 951 2996 multe
966 2944 1036 3016 post
1049 2937 1226 3008 Germanici
1238 2957 1347 2999 necem
1360 2957 1417 3018 per

272 3031 391 3087 'totum
417 3046 544 3090 carmen
571 3049 700 3111 aspersa
725 3032 822 3092 fuisse
849 3033 882 3092 in
911 3035 1070 3096 Tiberium
1095 3055 1205 3097 amara
1229 3035 1414 3115 odioseque,

289 3125 485 3206 principique
498 3127 659 3203 destinari,
669 3149 739 3210 quae
753 3137 847 3210 poete
857 3131 891 3192 iu
904 3133 1109 3213 Scorpionem
1121 3133 1290 3194 maledicta
1300 3133 1379 3213 jacit
1389 3133 1412 3193 ⁶.

289 3224 367 3284 Sunt
391 3225 474 3285 enim
498 3224 565 3286 haec
586 3227 704 3301 omnia,
722 3247 793 3308 quae
811 3248 828 3290 e
848 3229 962 3305 curiosi
988 3231 1188 3308 grammatici
1207 3237 1312 3292 mente
1331 3231 1416 3292 exsi-

289 3319 377 3394 liant,
394 3341 494 3403 ueque
510 3323 611 3402 magis
624 3324 726 3386 refelli
741 3345 837 3406 quam
854 3327 979 3389 delendi
993 3329 1131 3409 possint!

327 3418 446 3480 Deinde
459 3440 585 3482 omnem
601 3442 727 3505 quoque
742 3424 781 3486 dc
796 3425 845 3485 his
859 3426 1000 3487 versibus
1018 3426 1205 3504 abjudicabo
1225 3427 1415 3507 disputatio·

287 3534 372 3588 nem,
393 3535 472 3596 quos
491 3518 706 3582 incertissimas
726 3521 880 3598 lectionis
907 3528 938 3583 ct
963 3525 1003 3584 ob
1021 3523 1053 3583 id
1077 3524 1180 3604 ipsum
1203 3523 1236 3584 iu
1259 3525 1415 3605 principio

288 3612 363 3674 satis
381 3621 471 3675 caute
494 3614 631 3693 habitoS,
648 3624 759 3699 postea
778 3637 843 3680 suae
861 3620 1018 3700 opinionis
1042 3621 1157 3682 nimius
1172 3629 1296 3685 amator
1309 3622 1416 3683 Fraier

319 3825 341 3872 t.
357 3823 455 3886 Freier‚
472 3840 513 3889 op.
530 3827 556 3884 l.,
575 3843 600 3891 p.
617 3831 655 3878 45.

317 3896 340 3942 2.
357 3895 405 3953 ld,
421 3895 495 3954 ibid„
512 3913 538 3962 p.
552 3901 582 3948 72
597 3913 696 3962 sqq·
712 3901 813 3962 Munit,
829 3902 942 3957 Astron„
958 3903 1001 3962 IV,
1017 3903 1132 3966 doti-2113
1147 3906 1256 3955 542552.

318 3968 342 4014 3.
355 3967 455 4023 Manil„
471 3970 585 4028 Astron„
598 3970 630 4032 ll,
646 3973 724 4022 53-56.

317 4037 340 4084 l.
356 4037 406 4094 ld,
422 4038 496 4096 totu„
514 4041 547 4102 ll,
562 4047 589 4090 et
602 4042 647 4102 lll,
663 4045 674 4091 t
691 4057 751 4107 sqq.

287 4107 340 4224 vti.
356 4107 456 4170 Freicr,
466 4124 506 4173 op.
518 4111 545 4167 l.,
558 4126 584 4174 p.
596 4113 634 4161 84.
647 4139 677 4147 -
687 4113 788 4170 Manli,
800 4113 914 4170 Astron„
929 4114 961 4175 ll,
976 4115 1093 4176 tat-ouh
1105 4116 1138 4176 ll,
1154 4118 1208 4176 596,
1224 4118 1284 4177 6373
1299 4117 1340 4174 lV,
1353 4118 1415 4179 5735

310 4215 317 4240 ,
334 4179 387 4226 tll'l.
784 4197 786 4200 ·

318 4250 341 4297 6.
357 4249 457 4310 Freicr,
470 4264 510 4314 op.
527 4249 555 4309 l.,
572 4265 597 4314 p.
614 4254 652 4301 88.
667 4279 697 4288 -
712 4253 785 4302 ldem
802 4255 900 4304 erravit
915 4256 1040 4317 lacobus,
1051 4257 1103 4307 aliu
1121 4257 1155 4308 dc
1169 4272 1257 4314 causa.
1272 4259 1412 4310 Manilium

286 4321 369 4380 ratus,
381 4325 411 4369 ut
418 4319 526 4384 juvaret
535 4323 697 4386 Augustum,
711 4324 837 4387 malignis
847 4325 935 4376 verbis
945 4327 1053 4377 'liberio
1067 4328 1192 4379 allusisse
1202 4330 1299 4393 (Prefi,
1311 4345 1337 4393 p.
1348 4331 1413 4394 xm).
