3184 5125
823 391 985 455 „13-

337 534 371 595 in
386 528 597 593 astronomico
613 531 772 607 poemate,
785 531 881 606 poeta
901 525 993 587 astris
1008 525 1147 587 tribuere
1161 524 1272 588 soleat.
1288 527 1373 589 Nihil
1389 548 1473 610 ergo

336 630 435 707 aliud,
451 648 491 691 ex
505 645 575 689 mea
592 624 758 698 sententia,
775 624 836 685 hoc
851 642 943 685 versu
960 642 967 685 ε

481 812 576 867 Caesar
589 824 666 864 nuuc
674 807 773 876 terris,
785 808 852 879 post
864 807 933 861 culo
947 806 1091 861 maximus
1104 807 1213 869 auctor,

336 1007 514 1086 significare
534 1005 679 1067 Manilius
698 1004 808 1079 voluit,
825 1004 896 1076 nisi,
914 1004 967 1083 qui
986 1023 1069 1065 nunc
1086 1003 1191 1065 Caesar
1205 1003 1296 1065 terris
1315 1004 1469 1085 imperat,

336 1123 410 1166 eum
425 1122 488 1165 non
503 1120 597 1164 omne
610 1090 766 1164 terrarum
785 1102 925 1179 regimen
941 1107 1041 1163 morte
1056 1102 1257 1178 amissurum,
1270 1101 1325 1162 sed
1339 1102 1371 1161 in
1387 1104 1469 1165 eaelo

337 1201 467 1283 propria
493 1208 525 1263 et
547 1200 637 1281 quasi
662 1200 853 1277 astrologica
871 1199 980 1261 sideris
999 1199 1125 1271 virtute,
1141 1199 1227 1278 quod
1249 1199 1316 1279 ejus
1336 1201 1469 1262 nomine

336 1300 490 1379 signatur,
512 1298 687 1359 maximum
711 1298 906 1359 terrestrium
926 1316 1032 1358 rerum
1047 1303 1210 1358 auctorem
1230 1315 1466 1359 remansurum.

336 1400 399 1458 Nec
415 1397 448 1457 in
466 1416 504 1457 ea
518 1396 620 1457 obiter
634 1396 740 1456 delata
760 1396 876 1456 Caesari
897 1394 1077 1455 adulatione
1091 1393 1238 1456 subtilior
1251 1413 1288 1456 ao
1302 1396 1470 1458 recondita

335 1494 484 1573 quaedam
499 1493 643 1553 doctrino
657 1490 723 1552 ullo
740 1493 835 1553 modo
853 1491 1025 1571 quaerenda
1040 1498 1099 1552 est.

375 1592 447 1651 Jam
469 1608 543 1650 vero
559 1608 624 1650 non
642 1588 798 1649 minorem
818 1588 1038 1650 difficultatem
1057 1588 1339 1670 interpretantibus
1357 1609 1469 1652 versus

337 1685 371 1748 hi
386 1686 561 1749 attulerunt
576 1707 582 1745 :
1059 1700 1065 1712 ·

586 1858 762 1931 Venerisque
774 1859 811 1915 ab
826 1858 937 1932 origine
952 1860 1049 1932 proles

478 1939 552 1995 lulia
564 1939 712 1995 descendit
726 1940 796 1995 caelo
812 1940 972 2011 celumque
987 1939 1122 2011 replevit3

397 2074 402 2082 ,
479 2019 564 2085 Quod
576 2020 651 2090 regit
660 2022 806 2091 Augustus
819 2018 896 2075 socio
912 2037 963 2091 per
979 2019 1063 2090 signa
1076 2021 1215 2087 Tonante,

479 2099 577 2157 Cernit
592 2099 665 2155 etin
681 2103 755 2155 coetu
771 2100 875 2155 Divum
890 2115 1091 2173 magnumque
1104 2098 1264 2167 Quirinum,

476 2179 567 2235 Altius
582 2178 698 2235 aetherei
715 2196 805 2252 quem
820 2180 923 2235 candet
938 2180 1060 2235 circulus
1075 2178 1161 2234 orbis.

478 2260 530 2315 llla
543 2264 634 2315 Deum
649 2259 741 2328 sedeS,
755 2260 828 2326 haec,
842 2259 898 2314 illis
913 2260 1056 2332 proxima,
1073 2260 1171 2315 divum

478 2339 533 2403 Qui
547 2339 652 2395 virtute
666 2355 719 2394 sua
733 2339 842 2395 similes
856 2339 980 2411 vestigia
994 2342 1121 2410 tangunt
1131 2342 1151 2396 ¹.

377 2528 442 2590 Hoc
457 2528 489 2588 in
509 2528 578 2591 loco
594 2547 692 2592 ovans
706 2532 813 2607 Freier
827 2530 986 2594 exclamat
997 2530 1122 2612 Jaoente
1138 2530 1297 2610 Scaligero
1313 2548 1321 2590 :
1341 2551 1355 2588 a
1375 2526 1463 2602 lude,

335 2625 396 2688 nisi
410 2626 491 2688 forte
506 2646 615 2689 omnes
630 2629 789 2708 cogitandi
805 2629 889 2708 leges
904 2630 1049 2692 hocloco
1064 2648 1129 2690 non
1143 2629 1261 2706 vigent,
1277 2645 1402 2688 necesse
1419 2631 1465 2687 est

335 2724 523 2802 colligamus
539 2727 715 2806 Augustum
733 2726 801 2806 jam
821 2726 855 2786 in
871 2726 1045 2788 caelestium
1062 2725 1212 2787 domibus
1226 2712 1332 2785 sedem
1348 2722 1462 2785 consti-

336 2822 431 2882 tuisse
452 2823 474 2883 ².
497 2825 665 2905 »Jamque
689 2829 782 2886 antea
802 2824 886 2886 idem
906 2844 946 2885 ex
969 2824 1080 2885 iisdem
1102 2823 1245 2885 versibus
1265 2821 1463 2883 manifestum

336 2935 403 2978 esse
438 2919 619 2980 Lachmann
649 2923 869 3000 profitebatur.
900 2921 977 2983 Mihi
1012 2941 1086 2982 vero
1122 2940 1160 2982 ee
1188 2939 1260 2999 quae
1288 2919 1465 2980 declaratur

336 3015 506 3076 necessitas
519 3035 584 3076 non
598 3023 743 3097 apparet.
757 3021 849 3095 Nam,
862 3024 896 3079 ut
909 3018 1036 3096 singula
1051 3023 1239 3096 argumenta
1251 3033 1461 3096 percenseam,

336 3111 449 3172 nolunt
466 3114 571 3174 Freier
587 3120 619 3174 et
638 3114 821 3176 Lachmann
837 3134 856 3176 a
873 3113 996 3178 Caesare
1008 3115 1078 3177 solo
1098 3115 1211 3177 caelum
1226 3113 1342 3194 repleri
1358 3131 1462 3192 posse.

336 3209 462 3271 Scilicet
479 3211 636 3290 repletum
653 3217 702 3272 est
720 3235 735 3269 a
756 3231 822 3274 nou
840 3232 878 3275 eo
899 3213 985 3292 quod
1003 3214 1071 3293 ipse
1090 3213 1176 3274 solus
1191 3212 1268 3274 deus
1282 3212 1384 3271 laetus
1405 3214 1462 3285 est,

333 3307 390 3369 sed
415 3310 547 3389 posteris
571 3309 635 3371 suis
657 3310 809 3372 ducendis
831 3311 865 3372 iu
888 3311 1010 3373 caelum.
1033 3314 1103 3372 Nou
1127 3310 1222 3387 igitur
1251 3313 1377 3388 poterat
1403 3306 1463 3368 dici

338 3406 508 3486 «replevit
531 3407 644 3469 caelum
670 3432 699 3482 n,
715 3409 776 3469 nisi
800 3429 881 3470 unus
904 3408 1017 3470 saltem
1037 3427 1053 3468 e
1074 3407 1224 3488 progenie
1249 3407 1405 3468 Gaesarem
1424 3403 1462 3465 ad

334 3519 467 3581 superos
490 3505 675 3566 subsecutus
699 3506 809 3567 fuisset
833 3507 856 3565 ⁸.
877 3506 1043 3586 Equidem,
1066 3505 1124 3566 etsi
1151 3528 1167 3561 «
1195 3503 1358 3584 aliquanto
1382 3502 1463 3580 inep-

337 3598 399 3658 tius
414 3619 430 3654 n
446 3600 561 3660 sentire
575 3601 716 3681 videbor,
730 3620 796 3664 non
811 3620 850 3662 ex
870 3621 932 3663 uno
950 3603 1011 3663 hoc
1030 3601 1126 3662 verbo
1142 3625 1156 3657 α
1174 3600 1307 3682 replevit
1319 3624 1334 3656 »
1349 3601 1464 3676 nugae

336 3701 405 3755 tum
433 3697 676 3775 approbaverim
703 3717 775 3760 cum
805 3699 927 3759 Gaesare
953 3699 986 3758 in
1010 3697 1088 3760 oaelo
1108 3698 1178 3778 jam
1204 3698 1360 3760 habitare.
1385 3698 1462 3757 Nam

337 3811 408 3871 quae
435 3799 482 3853 est
504 3793 565 3854 ista
584 3794 775 3876 hyperbolen
798 3796 1037 3875 interpretatio?
1058 3798 1140 3857 Num
1160 3796 1244 3877 quod
1266 3795 1379 3857 oaelum
1401 3810 1463 3854 una
1556 3774 1557 3835 l

332 3891 446 3952 anima
460 3909 525 3952 non
539 3892 682 3971 replevit,
700 3894 813 3954 animoe
829 3894 898 3954 duae
912 3892 1097 3972 replebunt?

371 4087 394 4135 l.
409 4087 510 4150 Munil,
524 4091 641 4148 Astron,
657 4092 678 4152 Ι,
693 4091 809 4142 tet-804.

368 4157 392 4204 2.
409 4157 507 4217 Freier,
522 4173 564 4222 op.
578 4160 605 4217 l.,
620 4175 647 4225 p.
662 4162 701 4210 20.

366 4226 393 4274 3.
408 4226 457 4284 let,
473 4226 547 4286 ibid,
564 4245 590 4292 p.
606 4231 645 4280 21.
