3184 5125
631 470 790 534 „41-

284 606 373 661 llotus
388 603 449 672 alit,
464 619 522 659 non
536 605 630 658 mutat
644 619 724 675 opus.
739 603 786 659 Sic
801 602 900 658 omnia
914 607 976 659 toto

285 686 455 756 Dispensata
469 686 590 738 manent
604 683 725 752 mundo,
741 683 939 754 dominumque
953 687 1113 755 sequuntur
1124 684 1147 739 ¹.

135 871 213 930 llaec
223 865 333 940 verba,
345 864 505 945 magistro,
517 861 683 936 dominum,
697 882 768 924 cum
783 869 851 924 toto
865 861 934 925 loco
950 882 1063 943 parum
1078 869 1272 942 congruunt,

137 965 376 1042 stoicorumque
405 961 539 1041 repertis
568 968 755 1040 repugnant.
786 962 863 1034 Quae
891 961 997 1023 omniu
1020 980 1084 1022 non
1110 961 1143 1020 in
1168 960 1273 1039 majus

144 1080 263 1140 augere
282 1060 356 1122 volo
381 1081 387 1119 :
409 1060 454 1120 ita
475 1063 582 1119 tamen
603 1065 638 1118 ut
657 1058 735 1118 mihi
755 1057 957 1132 concedatur,
975 1078 1013 1120 ea
1030 1078 1094 1121 non
1111 1057 1272 1137 diligentis

140 1159 286 1240 discipuli
300 1176 379 1234 esse,
396 1156 450 1216 sed
466 1162 579 1235 poetae,
597 1157 651 1236 qui
666 1155 902 1236 philosophiam
917 1157 1032 1234 attigit.

184 1257 245 1320 Sed
255 1255 333 1317 illud
343 1256 481 1315 maxime
493 1273 542 1314 me
554 1259 671 1330 movet,
682 1254 779 1335 quod,
789 1273 860 1334 quae
871 1254 976 1314 stoicis
988 1254 1268 1334 praecipuaessent,
1328 1259 1332 1266 '

140 1357 174 1416 in
199 1354 314 1435 quibus
333 1353 380 1413 vis
399 1351 501 1413 omnis
521 1351 672 1412 doctrinae
688 1357 797 1425 staret,
816 1370 854 1412 ea
880 1351 1025 1411 Manilius
1046 1351 1266 1432 praetermisit:
1293 1375 1302 1390 ·

142 1472 227 1533 quae,
250 1451 275 1513 si
296 1451 429 1512 stoicum
451 1449 593 1511 animum
616 1448 736 1522 habuit,
757 1467 860 1529 neque
879 1449 1026 1527 ignorare
1047 1449 1149 1529 potuit
1168 1467 1274 1529 neque·

141 1549 234 1632 parvi
255 1550 369 1610 lacere.
1121 1537 1124 1540 ⁴

181 1649 218 1708 ln
238 1646 358 1726 primia,
379 1645 543 1725 physicam
566 1645 735 1706 stoicorum
757 1644 913 1706 rationem
937 1664 1002 1706 non
1021 1645 1172 1726 sequitur,
1187 1650 1219 1705 et
1237 1644 1271 1705 in

141 1744 258 1827 quibus
271 1750 357 1805 certo
379 1761 411 1803 se
433 1743 512 1805 scire
533 1741 749 1815 declarabant,
770 1742 981 1804 dubitandum
1006 1762 1070 1804 esse
1091 1742 1272 1823 profitetur.

141 1846 216 1905 llaec
236 1843 320 1903 enim
335 1840 384 1901 vel
400 1841 515 1901 cursim
532 1839 600 1919 lege
621 1866 627 1898 :

286 2021 351 2091 lpsa
366 2018 436 2073 mihi
453 2020 579 2089 primum
594 2020 705 2074 naturae
720 2018 818 2074 lorma
832 2019 962 2074 canenda
977 2022 1029 2085 est,

179 2145 185 2158 .
286 2099 494 2170 Ponendusque
510 2115 561 2153 sua
575 2101 652 2154 totus
665 2100 716 2153 sub
731 2098 859 2170 imagine
873 2098 1019 2153 mundus:

290 2177 380 2242 Quem
395 2177 452 2233 sive
467 2194 504 2233 ex
518 2177 603 2231 nullis
618 2179 800 2248 repetentem
816 2176 928 2231 semina
942 2175 1028 2230 rebus

289 2257 378 2312 Natali
393 2273 509 2330 quoque
524 2272 608 2328 egere
624 2258 726 2327 placet,
743 2271 911 2328 semperque
926 2254 1013 2310 fuisse

288 2337 321 2391 lit
334 2337 406 2406 iore,
421 2337 563 2410 principio
577 2336 683 2408 pariter
698 2335 816 2406 latoque
831 2339 978 2390 carentem
996 2353 1002 2389 ε

288 2417 344 2474 Seu
358 2417 502 2489 permixta
517 2417 603 2471 chaos
617 2433 715 2471 rerum
730 2415 889 2488 primordia
902 2415 1051 2486 quondam

288 2496 424 2552 Discrevit
440 2499 532 2568 partu,
550 2495 748 2569 mundumque
764 2496 848 2550 enixa
862 2495 1001 2550 nitentem

289 2578 371 2648 Fugit
384 2578 414 2632 in
428 2576 555 2632 infernas
573 2576 663 2647 caligo
675 2576 758 2647 pulsa
771 2576 908 2631 tenebras
925 2593 931 2630 :

287 2657 351 2713 Sive
367 2656 533 2725 individuis,
544 2656 575 2711 in
590 2656 667 2712 idem
683 2656 812 2712 reditura
826 2657 930 2726 soluta,

285 2736 434 2809 Principiis
449 2740 555 2792 natura
568 2739 667 2791 manet
680 2739 744 2807 post
759 2737 854 2792 secula
869 2736 963 2804 mille;

287 2818 322 2872 Et
335 2834 418 2888 paene
435 2834 470 2872 ex
485 2816 573 2871 nihilo
593 2833 740 2872 summum
757 2821 800 2871 est
814 2816 994 2886 nihilumque
1005 2816 1145 2885 futurum,

286 2896 425 2967 Caecaque
439 2896 574 2951 materies
588 2896 692 2951 caelum
706 2895 827 2967 perfecit
842 2899 872 2951 et
883 2895 984 2950 orbern
1002 2914 1008 2950 :

289 2975 353 3033 Sive
367 2976 441 3047 ignis
456 2975 607 3031 fabricavit
621 2992 703 3047 opus,
720 2976 904 3047 llammaeque
919 2974 1073 3045 micantes,

289 3056 357 3121 Quae
372 3055 474 3111 mundi
487 3056 580 3121 lettere
597 3057 705 3124 oculos,
719 3056 909 3126 habitantque
922 3071 974 3125 per
988 3072 1075 3110 omne
1166 3085 1168 3089 ,

288 3137 407 3207 Corpus,
424 3139 454 3192 et
467 3135 497 3189 in
513 3136 582 3190 caelo
597 3133 740 3190 vibrantia
753 3134 876 3190 fulmina
890 3136 1005 3205 fingunt
1019 3152 1026 3189 ι

289 3215 345 3272 Seu
360 3216 452 3287 liquor
466 3216 528 3271 haec
541 3215 662 3286 peperit,
674 3214 734 3269 sine
751 3231 807 3285 quo
823 3214 898 3285 riget
913 3213 995 3268 arida
1008 3229 1105 3268 rerum

287 3294 428 3363 Materies,
444 3294 596 3366 ipsumque
611 3297 691 3349 vorat
707 3309 764 3364 quo
777 3292 895 3346 solvitur
906 3291 1023 3362 ignem:

289 3376 453 3447 tutaeque
468 3379 544 3429 terra
558 3377 669 3445 patrem
684 3366 774 3439 novit,
790 3387 843 3427 nec
857 3370 985 3434 flamme,
999 3384 1052 3423 nec
1066 3384 1117 3423 aer

287 3456 347 3510 Aut
359 3455 466 3509 humor
482 3471 488 3508 :
505 3453 671 3524 faciuntque
685 3451 772 3507 deum
785 3467 838 3522 per
852 3453 986 3521 quattuor
1000 3453 1089 3516 artus,

287 3535 322 3589 ut
333 3533 433 3589 mundi
447 3537 575 3588 struxere
589 3531 718 3604 globum,
734 3532 946 3604 prohibentque
961 3528 1069 3600 requiri

288 3614 367 3669 Ultra
382 3629 410 3669 se
426 3613 591 3686 quicquam,
608 3629 673 3667 cum
685 3628 736 3685 per
750 3629 779 3667 se
795 3615 901 3667 cuncta
915 3612 1055 3676 creentur,

288 3693 402 3765 Frigida
415 3710 468 3749 nec
482 3693 580 3748 calidis
595 3693 699 3760 desint,
711 3697 760 3749 aut
772 3691 892 3748 humida
906 3689 995 3757 siccis,

288 3773 409 3845 Spiritus
424 3776 473 3829 aut
487 3772 597 3839 solidis,
614 3772 706 3843 sitque
722 3772 784 3827 haec
798 3768 940 3825 discordia
955 3783 1082 3837 concors,

288 3850 357 3915 Quae
370 3869 458 3907 nexus
472 3851 582 3907 habiles
597 3856 626 3907 et
637 3853 715 3923 jopus
729 3849 893 3923 generabile
908 3848 1001 3918 tingit,

286 3934 378 4002 Atque
393 3932 488 3987 omnis
503 3935 601 4005 partus
615 3932 759 3987 elementa
774 3927 890 4002 capacia
904 3927 1020 3995 reddit:

288 4010 408 4082 Semper
423 4011 477 4067 erit
492 4027 581 4084 genus
595 4012 745 4083 inpugna,
761 4009 940 4079 dubiumque
953 4006 1083 4063 manebit

288 4091 372 4157 Quod
386 4092 467 4162 latet,
483 4091 640 4147 et'tantum
654 4106 741 4162 supra
756 4092 799 4144 est
814 4086 1019 4159 hominemque
1029 4086 1177 4157 Deumque
1193 4086 1213 4139 ².

175 4268 198 4317 l.
214 4266 296 4330 Man„
312 4266 517 4329 Astron.,11,et
532 4269 559 4317 et
573 4265 611 4315 80.

175 4339 200 4387 2.
217 4338 333 4396 Astron„
350 4340 371 4401 l,
387 4341 440 4388 tuo.
