3184 5125
671 426 832 488 -13-

181 567 215 627 in
226 567 486 643 argumentorum
502 559 607 621 locum
622 559 750 639 recepit.
767 560 923 637 ligavero
945 560 1085 622 Bentleio
1106 561 1309 625 funambulos

180 663 379 742 elephantos,
403 656 523 721 Jacobo
551 656 679 718 incensa
701 657 844 736 Pompeii
873 656 999 719 theatra
1022 658 1212 738 relinquam,
1244 660 1308 723 sive

177 761 259 842 jure,
290 758 354 819 sive
382 756 499 836 injuria
522 759 654 834 uterque
679 761 848 834 utrumque
868 773 1035 816 sensume
1064 757 1309 837 corruptissimis

179 858 255 921 locis
269 857 351 918 eruit
367 856 388 917 ¹.
403 856 483 915 Nam
498 852 547 935 bec
570 852 761 931 conjecturae
782 870 846 913 non
861 870 931 913 eam
955 852 993 913 de
1018 870 1083 933 qua
1100 854 1224 933 egimus
1239 855 1310 935 opi-

178 957 306 1017 nionem
322 953 512 1015 confirmare
527 955 670 1032 possunt,
685 950 738 1011 sed
753 954 792 1011 ed
806 955 929 1024 contra,
946 950 971 1010 si
984 949 1053 1029 jam
1069 950 1140 1012 aliis
1153 952 1193 1015 de
1208 953 1310 1014 causis

180 1060 312 1127 constet,
325 1050 434 1129 aliquo
449 1048 543 1109 modo
559 1048 797 1110 confirmentur.

220 1149 300 1223 Quid
324 1154 430 1210 autem
455 1154 501 1208 ea¹
516 1165 611 1208 causa
634 1145 762 1221 valebit,
783 1146 869 1226 quod
892 1145 1055 1208 Manilium
1078 1147 1249 1211 identidem
1269 1149 1309 1211 de

180 1250 257 1311 luxu
280 1246 435 1327 queritur,
456 1244 490 1304 in
511 1249 621 1305 senatu
642 1249 748 1304 autem
773 1244 812 1304 dc
832 1244 909 1305 luxu
930 1263 1056 1324 quoque
1075 1251 1180 1307 ectum
1199 1246 1260 1307 fuit
1278 1254 1309 1308 et

181 1343 460 1429 septingentesimo
478 1341 673 1420 sexagesimo
689 1360 775 1401 nono
791 1340 884 1401 Urbis
898 1359 983 1402 anno
998 1349 1029 1403 et
1048 1349 1160 1422 postea
1177 1361 1242 1405 nou
1258 1363 1308 1405 se·

183 1444 283 1505 melli
292 1445 418 1503 Numen
430 1441 490 1501 hoc
503 1439 596 1501 fateri
609 1457 760 1518 cogemur
771 1458 835 1500 non
852 1438 990 1519 potuisse
1005 1447 1080 1500 cute
1094 1439 1180 1501 bunc
1189 1458 1308 1501 annum

184 1542 327 1603 eamdem
339 1537 497 1618 querelam
506 1556 525 1598 e
535 1536 660 1599 Manilio
672 1536 742 1597 edi‘l
751 1536 826 1597 Mihi
836 1542 949 1598 contra
957 1536 1081 1598 videtur
1088 1538 1155 1599 veri
1163 1538 1306 1611 similius,

183 1638 347 1719 ejusmodi
362 1656 427 1697 rem
444 1636 482 1697 de
494 1634 636 1697 moribus
650 1636 683 1695 in
698 1634 826 1713 publico
837 1634 968 1696 consilio
983 1635 1035 1713 agi
1050 1654 1115 1697 nou
1130 1655 1233 1716 posse,
1249 1636 1309 1698 nisi

180 1756 265 1813 cum,
281 1742 312 1797 et
325 1733 411 1811 vulgi
425 1732 623 1795 sermonibus
638 1733 758 1810 agitata
775 1738 807 1792 et
825 1732 1014 1812 scriptorum
1034 1733 1119 1794 curis
1138 1735 1308 1814 explicata,

180 1841 306 1895 matura
322 1833 389 1912 jam
414 1837 446 1893 et
473 1838 584 1911 aperta
606 1831 849 1910 magistratuum
874 1836 906 1890 et
929 1830 1106 1911 principum
1132 1831 1309 1911 prudentiae

179 1932 314 1993 traditur
333 1930 491 2009 etiamque
512 1929 697 2008 imponitur.
722 1930 853 1989 Necesse
876 1934 961 1989 certe
981 1935 1030 1991 est
1053 1935 1089 1990 ut
1108 1928 1147 1989 de
1171 1929 1209 1990 iis
1237 1948 1307 2009 quae

178 2036 269 2091 extra
282 2048 348 2089 rem
364 2027 522 2107 publicam
546 2046 611 2087 esse
631 2026 744 2101 solent,
766 2045 851 2106 saepe
872 2044 908 2087 ac
928 2025 981 2086 diu
1001 2025 1117 2105 privati
1138 2025 1309 2106 loquantur

180 2133 212 2189 et
228 2128 378 2200 scribant,
397 2126 583 2205 priusquam
603 2123 801 2203 erepublica
820 2142 887 2184 esse
907 2122 1121 2183 decernantur
1138 2129 1170 2184 et
1184 2122 1308 2201 publice

181 2224 379 2285 ordinentur.
1111 2204 1115 2211 ¹

221 2324 283 2383 Nec
296 2320 409 2382 Tiberii
423 2321 531 2382 thema
543 2339 681 2399 agnosco
696 2321 730 2381 in
742 2326 856 2399 quarto
871 2318 1115 2380 Astronomicon
1127 2318 1221 2397 libro,
1234 2338 1307 2381 cum

179 2419 290 2481 scribit
303 2426 395 2499 poeta
412 2438 419 2480 :

324 2595 457 2667 Scorpius
470 2600 606 2650 extremae
621 2611 687 2650 cum
703 2594 785 2649 tollet
801 2593 911 2648 lumina
925 2593 1034 2661 cauda,

233 2709 236 2713 -
322 2677 352 2731 Si
366 2675 430 2747 quis
444 2675 498 2731 erit
512 2675 601 2730 stellis
616 2678 681 2729 tum
695 2673 922 2745 suffragantibus
937 2679 1027 2738 ortus,

324 2756 444 2811 Urbibus
457 2755 574 2827 augebit
587 2759 687 2820 terras,
699 2755 868 2826 junctisque
881 2753 1010 2824 iuvencis

322 2835 424 2891 bicenia
435 2836 600 2890 subcinctus
614 2851 700 2890 curvo
713 2834 855 2890 describet
868 2837 977 2899 aratro,

322 2921 378 2971 nut
392 2918 499 2970 sternet
512 2915 620 2988 positas
633 2916 727 2970 urbes.
743 2918 833 2986 inque
849 2930 917 2968 arva
931 2914 1051 2967 reducet

323 2995 445 3067 Oppida,
460 2996 530 3050 etin
546 2994 681 3051 domibus
696 2997 824 3050 maturas
837 2993 939 3049 reddet
953 2993 1070 3047 aristas.

323 3077 412 3134 Tanta
425 3075 479 3130 erit
493 3080 522 3130 et
536 3075 623 3130 virtus
640 3079 669 3130 et
682 3091 747 3130 cum
760 3075 863 3130 virtute
877 3077 1018 3145 potestas.

393 3156 449 3211 Nec
468 3172 523 3210 non
537 3154 704 3210 Arcitenens
717 3154 813 3226 prima
823 3170 890 3208 cum
904 3157 982 3208 veste
995 3153 1138 3223 resurget,

323 3235 442 3290 Pectora
456 3235 536 3290 clara
550 3234 630 3290 debit
644 3233 730 3299 bello,
745 3232 917 3304 magnisque
932 3229 1086 3300 triumphis

323 3314 513 3386 Conspicuam
530 3314 637 3386 patrias
651 3311 789 3366 victorem
806 3313 891 3366 ducet
905 3310 941 3363 ad
956 3326 1036 3363 arces
1055 3324 1061 3361 :

322 3395 443 3466 Altaque
455 3410 531 3450 nunc
545 3397 662 3460 statuet,
679 3407 755 3446 nunc
770 3389 847 3444 idem
863 3388 971 3443 moenia
985 3389 1076 3441 vertet
1091 3385 1112 3438 ³.

178 3593 262 3666 Quid
274 3611 347 3654 vero
363 3591 413 3652 hic
424 3591 610 3665 ostenditur,
624 3590 707 3670 quod
720 3587 847 3669 proprie
857 3585 1018 3646 Tiberium
1032 3586 1185 3664 designet,
1198 3603 1307 3663 quam-

177 3691 226 3750 vis
246 3690 301 3750 illa
320 3690 389 3769 ipsa
408 3691 498 3766 signa
521 3684 925 3766 nascentemexceperint‘l
942 3685 982 3744 At
999 3684 1083 3745 euim
1102 3682 1231 3764 propria
1253 3681 1309 3742 illa

178 3807 277 3868 quam
293 3787 481 3868 requirimus
495 3794 570 3848 {rota
582 3784 784 3865 sequentibus
800 3783 940 3844 versibus
953 3781 1095 3861 aperitur
1111 3800 1118 3844 :

211 4005 234 4050 l.
246 4003 346 4063 Freier‚
360 4017 400 4065 op.
412 4003 441 4058 l.‚
453 4017 479 4066 p.
493 4004 532 4061 to,
548 4003 625 4060 4243,
636 3999 727 4049 Jacobi
740 4002 768 4048 et
779 3997 891 4048 Bentleii
909 3996 1079 4058 conjecturas
1092 3992 1188 4054 recipit
1203 3991 1237 4041 de
1249 4005 1308 4041 rer·

178 4073 267 4132 sibus,
277 4072 295 4122 l.
305 4075 335 4134 V,
346 4074 462 4134 510-516,
474 4078 501 4122 et
510 4073 622 4128 lob-lli,
636 4074 666 4119 ut
680 4070 742 4118 inde
753 4069 880 4131 quintum
896 4067 995 4116 librum
1005 4078 1060 4115 non
1071 4069 1133 4115 ante
1147 4077 1248 4113 annum
1261 4065 1307 4111 Πό

178 4146 311 4204 scriplum
327 4144 410 4193 luisse
424 4144 546 4205 colligat.
1160 4137 1163 4141 ’

211 4217 235 4262 2.
253 4214 352 4276 Freier‚
367 4231 392 4277 p.
408 4217 446 4263 lt.
463 4242 493 4249 -
508 4215 610 4271 blanil,
623 4214 736 4269 Astron,
750 4212 791 4272 lV,
809 4214 880 4273 t-133
895 4211 939 4271 lv,
952 4212 1009 4260 3³5.

212 4287 237 4333 3.
254 4285 354 4348 Manli„
369 4287 484 4342 Astron,
502 4286 543 4335 lV.
560 4286 669 4335 otti-564.
