3184 5125
628 475 788 540 ..73-

139 609 344 688 metriceque
366 605 498 668 rationis
520 608 741 670 tractationem
765 608 900 671 laudans
923 609 1127 691 strictamque
1150 613 1269 674 severi·

137 715 234 771 tatem
259 708 282 767 ¹.
306 707 345 766 Et
369 705 510 784 prolecto
535 705 638 766 laetari
660 707 809 769 Manilius
836 707 961 769 videtur
983 727 1021 769 ea
1047 727 1143 788 quam
1171 708 1267 788 vulgo

135 806 270 869 credunt
288 804 400 884 formae
421 809 452 864 et
472 803 612 864 materiae
638 805 859 885 repugnantia.
875 807 954 866 Nam
973 806 1007 866 in
1024 805 1062 866 iis
1081 825 1152 886 quae
1171 807 1267 886 negli-

137 903 263 984 gentius
291 904 453 982 exspectes
478 905 650 962 tractatum
677 901 725 977 iri,
749 902 782 962 in
806 902 919 983 jejuna
946 903 1209 984 supputationum
1236 910 1268 966 et

136 1019 344 1063 numerorum
371 998 547 1074 notatione,
577 999 609 1058 in
638 1000 836 1077 geometricis
861 1007 916 1062 aut
942 1001 1148 1063 arithmeticis
1174 1001 1268 1063 rebus

136 1097 334 1174 definiendis,
355 1097 405 1157 vel
427 1096 604 1158 accuratius
623 1097 854 1159 concinnantur
873 1118 992 1176 versus,
1017 1104 1170 1179 tanquam
1193 1099 1267 1162 inde

137 1197 266 1282 laudem
291 1200 425 1276 quaerat,
448 1199 572 1255 servata
595 1195 776 1274 perardua
802 1197 954 1257 continua
978 1196 1175 1258 versificandi
1202 1198 1267 1259 cle·

138 1294 258 1375 gantis,
275 1293 389 1354 horum
409 1292 586 1353 simillimus
605 1293 799 1354 urbanorum
821 1293 998 1368 hominum,
1015 1295 1080 1374 qui,
1097 1295 1212 1374 quibus
1233 1295 1266 1355 in

137 1390 324 1473 periculosis
349 1389 472 1451 casibus
498 1409 607 1472 omnes
633 1390 768 1471 squalidi
796 1397 828 1453 et
852 1390 962 1452 inculti
987 1391 1086 1452 vitam
1113 1391 1267 1453 duntaxat

138 1497 168 1552 et
187 1494 319 1550 tuentur
342 1494 372 1549 et
396 1495 518 1561 curant,
541 1495 608 1549 turn
631 1489 766 1550 maxime
790 1489 880 1564 lauti,
901 1488 995 1562 tonsi,
1012 1490 1087 1551 tersi
1106 1489 1266 1569 integrum

138 1588 232 1651 vestis
257 1586 383 1666 orisque
407 1585 541 1647 nitorem
567 1587 786 1648 delicatissime
815 1587 949 1648 retinere
974 1587 1161 1664 gloriantur.
1187 1589 1267 1649 Nam

140 1685 214 1766 quid
231 1683 335 1747 valeat
350 1684 520 1745 diametros
533 1684 565 1744 in
580 1684 708 1764 circulo,
726 1685 832 1746 audite
848 1692 1014 1746 canentem
1030 1691 1159 1764 poetam
1176 1702 1184 1746 :

396 1863 584 1937 Quacumque
595 1864 730 1920 inciditur
745 1865 822 1921 orbis

281 1945 335 1998 Per
344 1942 483 2014 medium,
500 1960 566 2015 pars
581 1945 704 2000 eflicitur
719 1949 782 1999 lum
796 1944 881 1999 tertia
894 1944 968 2016 gyri,

280 2023 392 2095 Exiguo
404 2024 542 2079 dirimens
557 2024 679 2080 solidam
696 2024 861 2081 discrimine
876 2037 1023 2078 summam
1034 2023 1057 2077 ².

139 2200 238 2273 Nunc,
260 2199 355 2260 variis
375 2200 429 2280 qui
445 2200 565 2261 suntin
586 2200 704 2260 mundo
725 2199 849 2260 circulis
870 2197 1043 2277 descriptis,
1065 2195 1192 2258 coluros
1213 2212 1270 2256 co-

112 2328 116 2338 ·
137 2316 278 2377 gnosce:

284 2431 358 2486 Sunt
372 2430 439 2499 duo,
457 2447 528 2502 quos
543 2429 644 2501 recipit
659 2429 758 2484 ductos
773 2446 790 2484 s
804 2429 908 2484 vertice
920 2431 1025 2496 vertex,

281 2512 359 2567 luter
372 2527 402 2566 se
417 2510 539 2578 adversi,
555 2511 604 2583 qui
621 2514 739 2566 cunctos
750 2513 817 2565 ente
833 2510 939 2565 relatos

282 2592 375 2663 Seque
389 2596 487 2647 secant
503 2592 620 2664 gemino
634 2596 773 2646 coeuntes
788 2590 907 2645 cardine
922 2589 1037 2657 mundi,

280 2672 510 2743 Transversoque
525 2671 592 2742 polo
607 2674 719 2726 rectum
734 2671 879 2726 ducuntur
892 2669 923 2723 in
938 2686 1032 2739 axem,

282 2753 424 2823 Tempora
435 2751 582 2825 signantes
597 2750 666 2805 enni
682 2750 844 2822 caelumque
860 2765 913 2821 per
927 2752 1004 2804 astra

284 2830 426 2895 Quattuor
436 2831 466 2885 in
480 2833 576 2903 partes
593 2830 716 2885 divisum
731 2830 878 2885 mensibus
894 2828 984 2901 aequis
998 2829 1021 2884 ³.

139 3002 256 3078 Etiam,
285 3002 522 3082 quampoctice
542 3002 736 3081 triangulum
756 3003 918 3081 signorum
937 3000 1055 3061 circulo
1073 2994 1270 3061 inscribiturt

284 3180 415 3237 Circulus
428 3182 460 3233 ut
471 3179 571 3235 dextro
587 3178 738 3250 signorum
753 3176 896 3232 clauditur
904 3176 984 3242 orbe,

282 3262 316 3315 In
329 3263 388 3315 tres
407 3259 532 3330 aequales
548 3258 680 3313 discurrit
694 3258 773 3312 linea
788 3258 901 3322 ductuS,

285 3340 375 3411 Inque
389 3339 481 3395 vicem
497 3338 633 3394 extremis
643 3337 739 3409 jungit
753 3353 783 3391 se
798 3334 902 3390 finibus
915 3332 988 3405 ipsa,

285 3420 320 3474 Et
334 3435 512 3491 quaecunque
528 3420 540 3471 Ι
542 3417 606 3485 erit,
623 3417 755 3472 dicuntur
769 3415 854 3487 signa
866 3413 991 3485 trigona,
1051 3472 1062 3483 ,

286 3500 318 3553 In
334 3498 391 3554 tria
405 3498 527 3569 partitus
542 3496 621 3569 quod
633 3499 676 3551 ter
689 3494 766 3550 cadit
780 3494 905 3565 angulus
920 3495 1008 3560 astru,

288 3578 358 3643 Quae
371 3576 461 3633 divisa
476 3580 598 3632 manent
610 3576 699 3631 ternis
714 3573 852 3629 distantia
865 3570 954 3645 signis
968 3572 991 3625 ⁴.

139 3744 296 3840 Denique,
313 3775 418 3838 operae
433 3756 568 3837 pretium
585 3762 632 3816 cst
648 3754 809 3816 attendere
827 3771 923 3832 quam
938 3750 1121 3812 inornatam
1137 3746 1273 3809 nudam-

141 3875 203 3936 que
219 3860 252 3918 et
267 3853 421 3917 orationis
431 3860 462 3915 et
476 3872 584 3915 versus
595 3852 684 3933 quasi
694 3850 871 3912 castitatem
885 3848 919 3909 in
932 3847 1035 3909 noxiis
1050 3846 1187 3907 siderum
1202 3864 1272 3925 par-

174 4057 199 4106 Ι.
220 4057 249 4106 L.
270 4057 375 4121 Miller,
394 4057 500 4115 Philet,
521 4057 574 4119 XV,
595 4070 620 4118 p.
641 4055 695 4115 481,
713 4054 775 4116 4923
794 4052 833 4102 De
854 4066 883 4101 re
900 4052 976 4101 metr.
994 4051 1052 4099 Lot.
1072 4050 1151 4113 poet„
1170 4062 1197 4111 p.
1216 4048 1272 4098 52:

144 4145 158 4171 <r
174 4126 315 4178 Manilium
330 4127 358 4177 in
372 4128 509 4192 plerisque
525 4128 606 4177 rebus
622 4124 823 4175 severissimam
838 4135 974 4187 quamque
988 4121 1066 4184 sequi
1085 4120 1208 4185 legem.»

172 4198 196 4247 2.
212 4198 316 4259 Manil,
331 4198 448 4257 Astron„
463 4198 484 4258 1,
501 4199 557 4247 545.
611 4236 613 4241 .

176 4269 200 4318 3.
215 4268 267 4329 Id„
283 4268 357 4327 ibid„
371 4270 391 4329 1,
404 4270 458 4320 60³.

176 4340 201 4390 Ι.
215 4339 266 4399 1d.,
280 4339 400 4404 itid.,11,
413 4342 468 4392 213.
482 4368 513 4379 -
529 4340 567 4392 (ti.
582 4340 614 4405 ΙΙ,
629 4340 745 4391 eor-357.
