3184 5125
813 433 974 498 -68-

466 575 601 643 duroque
617 572 704 643 atque
719 570 801 626 ebori
814 570 901 626 decus
916 567 1035 637 addere,
1051 582 1118 622 cum
1129 565 1208 622 rudis
1222 567 1287 638 ipsa

466 652 598 710 Materies
614 652 714 706 niteat.
729 648 870 722 speciosis
886 648 1011 704 condere
1025 647 1113 702 rebus
1368 641 1371 647 ’

466 732 612 799 Carmina,
623 732 770 802 vulgatum
780 732 824 784 est
838 745 910 800 opus
924 731 953 782 et
967 742 1141 798 componere
1153 725 1286 798 simplex.

466 814 502 866 At
515 811 587 868 mihi
601 825 653 882 per
666 825 802 865 numeros
817 809 974 880 ignotaque
989 805 1111 863 nomina
1124 821 1232 874 rerum,

464 893 661 962 Temporaque
679 891 708 944 et
721 889 816 944 varios
830 904 923 955 casus,
939 890 1145 958 momentaque
1160 885 1274 953 mundi,

466 971 678 1043 signorumque
690 969 776 1038 vices,
792 974 946 1041 partesque
961 967 991 1022 in
1009 966 1141 1038 partibus
1155 965 1227 1037 ipsis

465 1050 644 1107 Luctandum
655 1056 713 1118 est3
728 1065 792 1120 quae
803 1064 888 1104 nosse
903 1047 990 1103 nimis
1004 1067 1010 1102 z
1022 1046 1101 1118 quid,
1114 1045 1227 1101 dicere?
1237 1049 1380 1118 quantum
1392 1051 1459 1106 est‘l

465 1129 607 1200 Carmine,
624 1129 704 1202 quid,
719 1127 854 1200 proprio?
869 1127 1000 1200 pedibus,
1017 1126 1099 1197 quid,
1111 1127 1236 1198 jungere
1251 1125 1356 1182 certis?
1370 1129 1381 1164 ¹

322 1282 502 1348 Lucretium
516 1287 622 1344 autem
635 1299 728 1357 nemo
742 1281 858 1342 oblitus
873 1285 919 1349 est
934 1285 966 1340 et
979 1278 1083 1358 ipsum
1103 1277 1340 1356 significavisse,
1356 1297 1454 1359 quam

321 1382 380 1443 sibi
391 1379 584 1443 laboriosum
596 1385 676 1440 esset
684 1377 848 1438 materiam
860 1395 949 1437 suam
961 1376 1129 1454 explicere.
1138 1375 1200 1436 Sed
1210 1374 1326 1455 quibus
1335 1375 1452 1452 verbis,

320 1479 358 1540 Di
372 1479 463 1538 bonil
481 1495 640 1556 quamque
657 1495 674 1536 a
689 1475 808 1537 Manilii
821 1474 977 1535 sententia
991 1472 1208 1533 dissimilibus!

463 1627 521 1683 Neo
534 1643 581 1682 me
597 1625 686 1682 animi
701 1625 785 1694 fallit,
802 1625 952 1680 Graiorum
968 1624 1091 1680 obscura
1103 1627 1221 1695 reperta

463 1705 584 1762 nirncile
599 1706 743 1760 illustrare
758 1704 864 1760 Latinis
877 1704 1008 1759 versibus
1022 1720 1100 1771 esse,

463 1787 548 1843 Multa
563 1785 643 1841 noris
658 1785 752 1840 verbis
768 1784 929 1854 presertim
942 1800 1008 1838 cum
1022 1784 1058 1838 sit
1067 1784 1227 1855 agendum,

462 1869 582 1938 Propter
595 1868 754 1938 egestatem
767 1864 874 1936 lingum
889 1868 918 1918 et
931 1880 1030 1918 rerum
1049 1863 1216 1919 novitatem.

462 1945 519 2001 Sed
536 1949 584 2000 tua
597 1961 644 1999 me
657 1943 745 1998 virtus
760 1947 860 1998 tamen
876 1946 904 1998 et
921 1946 1035 2014 sperata
1048 1943 1179 2014 voluptas

462 2025 563 2082 Suavis
576 2023 709 2080 amicitias
724 2024 852 2096 quemvis
868 2023 988 2078 sufferre
1004 2022 1133 2078 laborem

461 2106 579 2176 Suadet,
593 2108 622 2160 et
636 2103 746 2159 inducit
762 2107 862 2159 noctes
875 2102 995 2175 vigilare
1010 2118 1129 2158 serenas
1144 2103 1165 2156 ².

317 2257 373 2319 Hic
384 2275 459 2336 ergo
470 2256 689 2318 difficultatem
700 2274 806 2317 rerum
816 2258 956 2328 excusat,
968 2259 1075 2314 noster
1085 2259 1198 2315 eontra
1209 2253 1312 2333 jactat
1327 2275 1334 2314 ε
1351 2255 1450 2336 quod-

318 2373 379 2434 que
402 2355 565 2414 Lucretius
587 2353 740 2434 queritur,
762 2352 908 2413 Manilius
925 2351 1089 2430 gloriatur.
1111 2353 1185 2429 Nee,
1206 2351 1232 2410 si
1252 2351 1363 2432 possit,
1380 2371 1448 2414 eam

317 2449 408 2513 tollat
418 2449 648 2526 difficultatem,
661 2457 691 2511 et
701 2471 717 2510 e
729 2469 786 2510 sua
796 2450 949 2529 dignitate
960 2467 1025 2510 esse
1036 2449 1197 2529 opinatur,
1209 2454 1244 2509 ut
1259 2467 1297 2509 ea
1312 2467 1332 2510 a
1346 2449 1450 2528 legen·

315 2547 399 2610 tibus
415 2548 579 2611 sentiatur.
596 2549 644 2610 lta
658 2548 755 2627 igitur
766 2555 902 2610 conatur
917 2553 951 2608 ut
967 2566 1037 2608 eam
1057 2547 1173 2620 vineat,
1187 2552 1223 2608 ut
1237 2553 1346 2609 tamen
1367 2548 1449 2610 victa

316 2666 380 2708 non
394 2654 561 2709 evanescat
581 2652 771 2727 poetamque
784 2647 936 2707 victorem
956 2644 1174 2717 commendet;
1191 2650 1223 2704 et
1242 2644 1287 2705 ita
1306 2645 1448 2706 obscuris

315 2744 409 2805 rebus
421 2745 523 2805 lucem
537 2743 820 2816 elaramimmittit,
832 2749 987 2804 uteorum
998 2761 1061 2804 non
1077 2741 1206 2803 omnino
1217 2741 1385 2818 tollantur,
1395 2744 1448 2805 sed

315 2840 405 2920 quasi
421 2840 652 2919 perspiciantur
667 2842 818 2901 tenebrae.
1299 2859 1302 2863 ⁴

355 2935 433 2997 Hinc
447 2954 599 3014 arrogans
611 2935 665 2995 illa
679 2943 744 2996 tam
758 2936 867 2997 crebro
882 2936 1048 2998 Graiorum
1067 2936 1296 2998 vocabulorum
1310 2956 1448 2999 comme-

314 3033 473 3095 moratio³
490 3052 497 3094 :
514 3052 571 3094 nec
590 3033 696 3109 modo,
712 3033 738 3093 ai
757 3035 885 3113 quando
905 3033 1011 3095 deficit
1027 3036 1157 3096 Latinus
1171 3054 1287 3109 sermo,
1303 3036 1359 3095 sed
1375 3054 1445 3096 eum

314 3130 410 3193 etiam
425 3130 532 3206 habet,
547 3132 630 3192 unde
645 3150 694 3193 res
714 3131 857 3192 nominet
870 3132 891 3192 ⁸.
913 3134 1007 3194 Illum
1022 3132 1101 3193 adeo
1118 3133 1220 3212 juvat,
1237 3132 1324 3211 quod
1341 3133 1445 3212 legen-

312 3230 396 3291 tibus
411 3230 445 3291 in
456 3236 594 3292 mentem
607 3235 779 3310 succurret,
793 3250 889 3310 quam
905 3231 1016 3291 doctus
1028 3237 1123 3311 poeta
1135 3248 1172 3291 ea
1187 3229 1357 3310 scripserit,
1375 3248 1445 3309 quae

313 3328 353 3389 ab
377 3327 513 3389 horridis
541 3329 707 3390 Graiorum
734 3330 839 3390 nescio
864 3328 978 3409 quibus
999 3328 1233 3389 commentariis
1260 3326 1446 3405 detraxerit,

313 3425 478 3505 verbisque
511 3426 629 3486 Latinis
660 3425 757 3486 invita
784 3445 821 3486 ao
849 3426 1061 3506 repugnantia
1087 3426 1118 3485 vi
1144 3426 1246 3486 multa
1273 3425 1443 3504 solertique

312 3520 1444 3607 ingenioindnerit.Hineillaetiamqueeinprincipiooperispraesefert:

456 3671 527 3726 Bina
540 3672 612 3728 mibi
625 3672 728 3745 positis
746 3674 843 3730 lucent
859 3673 962 3729 altaria
975 3674 1116 3743 flammis3

455 3752 500 3807 Ad
514 3752 571 3809 duo
586 3757 695 3826 templa
709 3771 821 3827 precor,
835 3755 942 3827 duplici
956 3755 1148 3811 circumdatus
1163 3760 1246 3811 aestn.

290 3886 292 3888 ’
344 3914 367 3963 r.
383 3912 497 3971 Astron,
514 3913 560 3974 111,
575 3915 659 3963 asoa.

343 3986 366 4033 2.
383 3985 471 4046 buon,-
486 3984 518 4033 de
529 3986 590 4035 Nat.
604 3999 666 4043 rer,
683 3984 704 4045 l,
723 3984 837 4035 rao-136.

319 4098 323 4107 ,
343 4054 365 4102 3.
382 4054 500 4113 Astron..
514 4054 559 4117 ΙΙΙ,
575 4058 615 4105 lt.

538 4144 567 4185 Et
581 4144 646 4197 sique
661 4148 754 4186 externa
766 4146 891 4187 referentur
902 4144 994 4186 nomina
1005 4143 1091 4198 lingua,

539 4207 588 4247 Hoc
602 4205 681 4259 operis,
695 4218 740 4247 non
751 4207 810 4247 vatis
824 4207 874 4248 erit

343 4304 366 4354 r.
381 4300 496 4359 Astron,
510 4300 543 4363 n,
559 4300 611 4359 888,
630 4300 683 4363 888,
699 4302 754 4364 ero,
769 4303 824 4363 ora,
840 4302 959 4362 9373111,
976 4304 1034 4364 rea,
1049 4303 1092 4366 1v‚
1105 4304 1159 4367 ass,
1175 4301 1231 4366 818,
1245 4299 1301 4349 ara.
