3184 5125
801 463 962 526 ..92-

316 600 371 662 His
385 604 469 660 certe
484 598 573 678 lepos
592 603 639 659 est
653 601 684 659 et
702 596 883 677 elegantia:
905 614 963 657 nec
982 594 1086 676 potuit
1106 592 1266 674 plebeium
1284 593 1453 672 negotium

317 695 573 778 exquisitioribus
601 695 704 756 verbis
734 694 898 775 explicari.
930 692 990 756 Scd
1020 698 1056 753 ut
1079 697 1146 752 tota
1169 697 1270 753 scatet
1287 691 1455 754 sententiis

319 795 433 869 oratic,
450 793 673 873 rhetorcmque
695 793 812 873 prodit,
831 811 958 873 semper
979 790 1018 851 de
1039 789 1160 871 proprii
1181 789 1300 869 ingenii
1321 791 1453 852 fortuna

319 899 351 954 et
365 893 450 955 exitu
465 891 595 952 anxium
610 909 647 951 ac
658 889 844 952 sollieituml

358 990 447 1052 Alter
459 1007 534 1051 vcro
548 987 637 1050 locus
652 990 661 1023 1
679 988 824 1050 cumdem
841 987 935 1049 fuisse
949 987 982 1047 in
994 985 1153 1047 narrando
1171 1004 1263 1065 quem
1279 984 1314 1046 in
1332 985 1452 1047 descri-

319 1088 423 1149 hendo
439 1092 566 1166 poetam
579 1084 773 1146 declarabit:
789 1084 956 1147 notissima
968 1083 1087 1145 scilicet
1100 1083 1155 1144 illa
1164 1089 1196 1144 et
1208 1083 1302 1144 nimis
1315 1083 1453 1146 fortasse

318 1185 449 1246 laudata
476 1183 689 1245 Andromedae
715 1183 835 1244 tabula.
857 1183 958 1261 Igitur
983 1181 1094 1260 incipit
1127 1181 1248 1261 aperire
1274 1200 1331 1243 cur
1357 1181 1452 1260 virgo

318 1283 413 1344 fuerit
429 1281 574 1362 exposita
590 1301 597 1342 :

462 1433 540 1487 llanc
555 1430 703 1502 quondam
718 1447 811 1503 pcenae
825 1429 956 1485 dirorum
970 1429 1053 1500 culpa
1067 1433 1222 1500 parentum

462 1510 601 1580 Prodidit,
615 1511 738 1566 infestus
753 1513 820 1565 totis
831 1526 897 1565 cum
907 1510 1014 1564 finibus
1027 1508 1122 1564 omnis

462 1590 594 1644 lncuhuit
609 1594 722 1661 pontus,
738 1591 837 1644 timuit
849 1591 998 1658 nucifrapo
1014 1589 1106 1657 tellus,

463 1671 499 1724 lit
513 1671 660 1739 quoderat
673 1686 800 1739 repnum,
812 1671 932 1741 pelopea
946 1671 1003 1737 fait
1013 1685 1023 1722 .·
1039 1685 1096 1723 una
1110 1669 1253 1724 malorum

462 1750 612 1819 Proposita
627 1752 669 1804 est
683 1765 794 1804 merces
811 1766 818 1804 :
834 1765 943 1804 vesano
959 1750 1067 1805 dedere
1077 1751 1165 1820 ponto

464 1827 692 1899 Andromedam,
708 1833 824 1885 teneros
839 1831 872 1884 ut
885 1829 983 1885 bellua
996 1829 1149 1884 manderet
1163 1831 1251 1883 artus.

326 1999 514 2079 Opportuna
535 1997 661 2078 quidem
681 1998 819 2060 acumini
838 1998 910 2059 talis
929 1999 1074 2080 in‘aetate
1094 1997 1151 2059 tali
1170 2017 1253 2073 sors;
1273 1998 1381 2076 itaque
1400 1996 1457 2058 hie
1508 1970 1511 1975 Ι

321 2095 512 2158 immoratur
527 2116 535 2159 :

463 2249 514 2302 Hic
528 2249 691 2317 Hymenaeis
706 2251 767 2302 erut
781 2266 789 2303 :
806 2247 1016 2317 setempublica
1029 2248 1132 2302 domno
1182 2292 1185 2296 Α

462 2328 598 2392 Priontts;
611 2326 764 2382 lacrimans
780 2330 901 2382 ornatur
912 2326 1028 2381 victima
1040 2343 1144 2398 pcenae,

465 2404 651 2478 Induiturque
668 2405 746 2461 sinus
762 2424 821 2462 non
835 2407 899 2461 haec
913 2407 950 2461 ad
967 2410 1034 2462 vota
1049 2409 1176 2478 paratos,

467 2486 590 2553 Virptnis
605 2490 630 2540 ct
645 2488 712 2542 otvae
725 2487 837 2555 rapitur
850 2487 908 2541 sinc
922 2488 1020 2553 praere
1033 2487 1131 2554 funus.

319 2656 373 2717 His
388 2662 557 2737 postquam
571 2657 706 2737 scriptor
722 2658 874 2718 lectorem
896 2658 1073 2733 admonuit,
1083 2676 1123 2718 ne
1139 2675 1171 2718 se
1186 2656 1294 2719 debita
1312 2656 1453 2719 admira·

319 2754 405 2815 tione
420 2754 593 2831 fraudaret,
611 2773 719 2816 rursus
733 2756 773 2815 ad
789 2755 986 2817 narrandum
999 2774 1031 2817 se
1044 2761 1194 2818 revocat:

463 2933 502 2985 Ac
517 2930 602 2985 simul
617 2930 715 2985 infesti
729 2935 849 2985 rentum
863 2936 906 2987 cst
920 2932 957 2985 ad
971 2932 1070 2988 littora
1082 2932 1165 3004 ponti

462 3010 558 3065 Mollia
573 3024 625 3080 per
639 3008 725 3063 duros
741 3009 909 3079 panduntur
921 3010 1041 3067 brachia
1055 3017 1161 3077 cautes,

462 3088 628 3145 Astrinxere
641 3087 728 3160 pedes
744 3089 879 3159 scopulis,
896 3089 1060 3163 iniectaque
1074 3092 1178 3157 vincla,

461 3170 496 3224 Et
508 3184 592 3224 cruce
603 3170 730 3238 vimineo
746 3168 888 3224 moritura
898 3172 997 3241 puello
1010 3172 1161 3243 pependit.

462 3248 596 3305 Servatur
609 3252 708 3303 tamen
723 3247 753 3302 in
768 3265 855 3319 poena
867 3252 1014 3322 cultusque
1023 3252 1171 3321 pudorque
1184 3269 1194 3305 :

462 3330 608 3400 Supplicia
623 3330 684 3398 ipso
699 3329 810 3395 decent;
824 3329 908 3385 nivea
922 3330 1030 3387 cervice
1044 3330 1170 3401 reclinis,

460 3408 583 3465 Molliter
600 3407 673 3481 (ipsa
688 3424 748 3463 suce
764 3413 863 3464 custos
878 3412 920 3465 cst
934 3411 1012 3480 palla
1028 3409 1139 3483 figurae)

462 3486 616 3543 Dessuxere
632 3486 709 3541 sinus
728 3486 867 3555 humeris,
882 3488 1013 3560 fugitque
1026 3488 1150 3545 lacertos

460 3566 564 3635 Vestis,
580 3570 610 3622 et
625 3565 845 3638 effusi‘scapulis
860 3568 970 3623 haescre
986 3567 1091 3640 capilli.

319 3730 431 3795 Vivida
445 3729 514 3791 haec
535 3730 706 3792 admodum
723 3732 889 3811 pendentis
904 3735 1016 3812 puellae
1032 3734 1175 3813 pictura:
1191 3740 1226 3795 ut
1241 3733 1394 3810 dubitem,
1408 3752 1449 3794 an

319 3849 384 3893 non
403 3830 436 3890 in
450 3835 555 3890 mente
576 3829 739 3891 scribentis
764 3837 865 3909 poetae
886 3850 922 3891 ac
938 3832 1023 3892 velut
1044 3839 1117 3905 ante
1143 3833 1251 3894 oculos
1273 3832 1381 3912 aliqua
1399 3831 1448 3892 vel

318 3926 430 3990 tabula
444 3928 493 3987 vel
508 3932 614 3988 statua
630 3927 789 3988 insederit.
807 3929 852 3988 Ea
867 3928 951 3989 enim
967 3930 1140 3993 cothorum
1154 3948 1302 3990 versuum
1319 3929 1448 4011 propria

319 4024 535 4104 pulchritudo,
551 4043 647 4105 quam
661 4024 798 4086 artifices
813 4026 989 4106 exprimere
1004 4028 1117 4102 solent,
1128 4046 1192 4089 non
1207 4032 1310 4107 poetae
1321 4026 1344 4089 ¹.
1362 4028 1448 4087 Tunc

352 4247 374 4295 l.
390 4245 471 4306 Mam,
484 4244 598 4302 Astron,
613 4246 646 4307 V,
662 4246 771 4295 troam.
1181 4273 1184 4280 ·
1399 4293 1402 4298 ,

351 4317 375 4365 2.
390 4316 450 4365 Nou
470 4315 566 4364 unicus
583 4315 627 4364 hic
646 4316 722 4365 locus
740 4320 790 4379 est,
806 4316 834 4365 in
852 4329 906 4379 quo
920 4318 1058 4369 Manilium
1074 4320 1187 4371 artificis
1202 4319 1318 4383 alicujus
1334 4327 1444 4381 operum
