3184 5125
665 452 804 515 ..9-

168 586 246 649 tium
262 583 483 661 ssavorumque
498 600 666 661 corporum
680 588 854 661 parentem,
872 583 1066 664 dignamque
1081 584 1154 646 teris
1170 591 1297 649 tantum

169 688 305 745 matrem
320 680 459 741 breviter
474 678 625 759 praedicat
641 699 647 741 :
666 681 747 743 unde
760 680 947 742 crediderim
963 669 1135 744 Germanos
1146 683 1195 744 vel
1209 684 1297 745 auxi-

146 767 272 859 liares,
295 778 345 839 vel
368 777 527 857 captivos,
538 778 589 839 vel
608 777 801 856 gladiatores
815 781 923 841 Romae
948 779 1087 859 quotidie
1108 781 1297 860 spectandos

168 876 290 941 homini
305 876 403 954 nigris
415 874 497 935 Asiae
510 874 660 936 Atricaere
677 875 823 954 gentibus
836 882 960 938 assueto
973 878 1067 939 luisse
1081 878 1294 952 admirationi,

168 994 233 1037 non
252 980 357 1035 antem
379 972 419 1033 ab
439 990 476 1033 eo
495 974 694 1033 Germaniam
720 993 791 1035 curn
812 974 997 1036 Germanico
1017 975 1067 1036 vel
1086 976 1177 1037 aliter
1196 976 1294 1037 visam

169 1092 206 1135 ao
223 1077 438 1152 peragratam,
455 1089 583 1132 cum-ea
603 1077 725 1131 tantum
750 1072 787 1133 de
806 1072 997 1146 hominibus,
1015 1073 1053 1134 de
1073 1073 1200 1152 regione
1215 1073 1295 1135 nihil

169 1170 328 1250 scripserit
338 1170 360 1229 ¹.
373 1168 473 1230 ltaliae
482 1168 590 1229 laudes
601 1188 665 1230 non
675 1169 884 1231 tamlibenter
893 1171 1034 1231 extendit
1043 1190 1139 1251 quam
1152 1172 1293 1246 Graeciae,

169 1287 271 1349 neque
286 1267 318 1327 in
332 1266 425 1327 ltalia
438 1264 692 1347 quidquam,nisi
705 1269 844 1329 Romam·
853 1267 940 1328 orbis
952 1273 1058 1347 caput,
1069 1268 1191 1347 Virgilii
1200 1268 1298 1347 longe

170 1364 333 1439 absimilis,
344 1364 455 1443 jactat.
473 1366 516 1424 De
533 1364 652 1425 Graecia
665 1370 772 1426 tamen
787 1364 865 1426 nihil
886 1365 972 1446 quod
989 1366 1116 1426 Graium
1132 1366 1294 1427 hominem

172 1461 297 1541 prodat,
315 1462 367 1523 sed
391 1462 555 1523 Graiorum
570 1463 665 1523 modo
681 1462 885 1524 historiarum
901 1469 932 1526 et
944 1463 1124 1524 fabularum
1145 1464 1293 1543 peritum.

173 1558 255 1621 Satis
267 1559 365 1620 multa
377 1560 414 1621 de
426 1559 543 1639 Africa,
556 1564 597 1633 et,
611 1578 791 1641 quanquam
809 1561 955 1640 quaedam
971 1581 1007 1621 ex
1024 1561 1061 1621 iis
1076 1562 1200 1638 desunt,
1217 1562 1294 1624 deii-

170 1656 324 1719 cientibus
346 1656 404 1718 hao
428 1658 460 1718 in
487 1664 577 1737 parte
599 1657 769 1733 codicibus,
794 1653 1032 1737 Carthaginem,
1051 1659 1292 1741 AEthioposque,

167 1757 401 1836 AEgyptumque
423 1755 578 1830 nominat,
596 1756 684 1817 nulla
703 1763 810 1818 tamen
824 1757 956 1838 propria
974 1776 1011 1819 ac
1030 1757 1182 1837 singulari
1201 1758 1294 1820 laudo

168 1852 322 1927 admixta,
339 1858 369 1914 et
396 1872 467 1934 quae
490 1858 650 1935 sumptam
672 1853 770 1915 oculis
790 1853 938 1917 notitiam
962 1854 1104 1917 locorum
1129 1854 1297 1935 significet.

166 1952 213 2011 Ea
227 1970 311 2036 'vero
329 1952 459 2013 minime
483 1951 630 2013 Africano
655 1952 777 2013 homini
798 1954 1001 2030 conveniunt,
1021 1954 1053 2013 in
1073 1953 1188 2033 quibus
1209 1973 1296 2015 com·

167 2068 264 2111 mune
284 2050 371 2129 vulgi
386 2050 503 2111 dictum
522 2050 561 2111 de
575 2049 681 2111 Africa
700 2069 854 2111 novorum
874 2068 999 2129 semper
1017 2050 1243 2120 miraculomm
1259 2069 1295 2111 ac

167 2152 384 2209 monstrorum
400 2154 532 2228 parente
547 2147 625 2207 mihi
640 2147 765 2209 videtur
779 2165 895 2225 augere
912 2168 920 2210 t

313 2307 382 2363 lluic
397 2307 487 2362 varias
501 2312 599 2379 pestes
615 2306 786 2379 diversaque
802 2310 931 2362 monstra
949 2306 1077 2363 ferarum

313 2386 459 2442 Concessit
471 2386 554 2441 bellis
569 2389 673 2441 natura
685 2386 916 2455 inlcsta'futuris,

313 2466 478 2522 Horrendus
494 2483 604 2539 angues
618 2466 805 2539 habitataque
820 2467 953 2522 membra
970 2484 1092 2537 veneno,

312 2546 346 2603 Et
359 2546 462 2602 mortis
477 2552 559 2619 pastu
575 2546 697 2603 viventia
711 2546 831 2603 crimina
845 2550 930 2604 terrae

313 2628 345 2682 ln
360 2644 459 2699 poenas
473 2627 597 2684 fecunda
611 2643 676 2682 suas
690 2627 766 2700 parit
779 2627 898 2684 horrida
912 2629 1007 2698 tellus,

312 2709 347 2763 lit
361 2710 455 2762 vastos
470 2708 636 2780 elephantes
649 2707 747 2777 habet,
763 2724 915 2780 saevosque
930 2707 1041 2774 leones,

310 2787 345 2841 Et
359 2790 541 2858 portentosos
554 2803 705 2860 cercopum
719 2787 792 2842 ludit
806 2787 837 2842 in
852 2790 975 2858 ortus,...
1041 2812 1043 2815 ·

310 2869 351 2922 Ao
365 2867 454 2922 sterili
467 2868 549 2939 pejor
564 2866 652 2922 siccas
666 2867 783 2923 infestat
796 2883 899 2924 arenas
913 2869 938 2927 2.

168 3031 245 3104 Quis
261 3039 368 3094 autem
385 3033 463 3095 adeo
484 3034 651 3113 singularis
671 3054 708 3096 ac
728 3055 829 3096 novus
847 3035 959 3116 patriae
977 3053 1068 3097 amor
1086 3034 1165 3094 nihil
1181 3040 1245 3095 tam
1263 3035 1296 3094 in

168 3129 276 3210 patria
300 3129 493 3192 laudandum
519 3133 687 3207 existimet,
709 3153 806 3214 quam
830 3134 1007 3195 belluarum
1028 3151 1122 3194 omne
1143 3151 1241 3212 genus
1261 3151 1296 3192 ac

168 3230 406 3289 monstrorum?

209 3324 249 3384 At
263 3325 370 3387 Asiam
386 3344 480 3406 quam
495 3327 618 3406 penitus
635 3326 750 3388 aelate
765 3326 864 3398 novit,
884 3344 979 3405 quam
997 3324 1098 3386 vivide
1120 3342 1156 3384 ac
1176 3323 1296 3384 curiose

170 3421 295 3482 extulit!
314 3429 348 3483 ut
363 3423 474 3485 doctus
493 3424 546 3485 ille
558 3425 616 3499 vir,
636 3443 730 3504 quem
750 3422 817 3500 jam
843 3421 981 3494 laudavi,
997 3421 1112 3494 Freier,
1133 3420 1296 3501 proposito

169 3519 298 3598 quidem
317 3523 498 3584 constanter
514 3521 691 3598 adhaerebo,
709 3520 872 3582 Manilium
888 3539 946 3600 pro
962 3525 1046 3580 certo
1062 3519 1208 3580 habuerit
1223 3521 1296 3580 Ger·

169 3616 286 3678 manici
302 3619 449 3680 comitem
465 3620 558 3681 fuisse
578 3620 747 3699 Asiamque
767 3639 838 3680 cum
860 3637 897 3680 eo
917 3637 1101 3698 peragrasse
1114 3619 1135 3677 ³.
1153 3617 1213 3680 Sed
1235 3637 1296 3679 uon

169 3731 207 3774 ea
223 3719 347 3776 tantum
371 3737 442 3797 quae
463 3717 664 3778 Germanicus
686 3717 773 3794 adiit,
791 3722 910 3778 ceteros
935 3735 1061 3797 quoque
1084 3722 1189 3796 partes
1209 3716 1297 3776 novit

169 3811 301 3891 optime.
329 3815 407 3875 Nam
435 3815 530 3876 etiam
555 3815 639 3876 ultra
663 3815 821 3876 Euxinum
846 3820 978 3894 pontum
1003 3814 1121 3874 indicat
1148 3813 1295 3892 Caspium

168 3926 267 3982 mare,
288 3917 319 3972 et
341 3912 502 3974 Persicum
520 3913 783 3994 Erythraeumque
809 3931 816 3974 :
839 3913 994 3990 regiones,
1016 3910 1166 3991 populos,
1189 3908 1298 3984 urbes,

199 4097 221 4146 l.
235 4097 335 4160 Freier,
351 4113 393 4163 op.
413 4099 442 4158 l.,
463 4100 506 4150 eh.
522 4113 567 4160 vn,
586 4099 623 4148 De
640 4096 749 4149 Manilio
769 4097 919 4147 Gemanici
938 4096 1015 4154 socio,
1036 4110 1062 4160 p.
1083 4096 1113 4145 72
1132 4109 1206 4160 sqq.;
1225 4107 1295 4157 prae·

168 4168 274 4230 sertim,
289 4183 314 4232 p.
329 4171 368 4220 75,

199 4240 223 4288 2.
239 4239 341 4305 Munil.‚
356 4242 473 4300 Astron„
491 4243 533 4304 lV,
548 4243 603 4292 662.

201 4311 225 4360 3.
239 4310 339 4374 Freier,
355 4327 395 4376 op.
409 4313 493 4371 laud„
510 4327 535 4376 p.
551 4314 633 4364 'll-ld.
