3184 5125
796 445 957 508 :10-

307 583 391 646 unde
406 582 459 644 ille
473 579 713 644 excusationum
726 579 886 659 strepitus,
903 577 1070 658 siquando
1084 578 1118 639 in
1133 577 1328 640 astronomia
1342 581 1442 660 expli·

307 680 409 746 canda
425 678 549 741 numeri
563 676 764 758 rationesque
779 678 969 739 occurrunt?
988 683 1043 738 aut
1062 695 1100 737 ea
1119 695 1185 737 non
1203 676 1347 737 versibus
1363 696 1443 738 con·

307 778 422 852 denda,
440 783 506 851 aul,
525 776 551 837 si
572 775 770 847 conderetur,
786 774 890 854 qualis
909 780 988 854 erat,
1005 774 1117 836 tetrica
1134 781 1165 835 et
1183 773 1440 853 injucundasine

307 874 510 939 excusatione
537 872 752 953 exprimenda.
779 872 831 934 Sic
853 873 937 933 enim
962 872 1136 950 Lucretius,
1162 871 1315 951 praefatus
1343 891 1377 934 se
1404 875 1442 936 de

308 972 432 1036 obcuris
443 990 479 1032 ac
494 969 584 1032 novis
599 968 693 1031 rebus
706 969 909 1049 scripturum,
922 969 1143 1049 pollicitusque
1153 987 1186 1029 se
1196 987 1292 1050 quam
1303 971 1443 1032 maxime

307 1070 413 1132 lucida
440 1068 536 1129 verba
558 1067 596 1128 iis
619 1067 825 1141 induturum,
852 1086 918 1128 non
945 1067 978 1128 in
1005 1066 1223 1129 excusationes
1248 1067 1440 1141 effunditur,

307 1165 430 1248 quoties
445 1164 534 1226 arida
549 1172 580 1225 et
594 1183 707 1244 aspera
724 1171 905 1229 occurrunt.

349 1264 511 1344 Idemque,
526 1262 671 1342 quamvis
686 1281 816 1323 usurum
831 1281 864 1323 se
879 1262 1011 1343 poeticis
1032 1261 1227 1323 ornamentis
1246 1262 1441 1342 praedixerit‚

309 1362 354 1424 ita
367 1369 475 1423 tamen
486 1359 606 1442 poesim
619 1359 829 1440 philosophiae
839 1360 983 1436 involvit,
997 1365 1031 1420 nt
1040 1359 1119 1420 nihil
1130 1359 1214 1421 dicat
1223 1358 1441 1421 delectationis

310 1478 405 1521 causa
419 1457 503 1540 quod
519 1476 585 1519 non
598 1463 629 1518 et
644 1458 751 1538 aliquo
767 1459 863 1519 modo
876 1458 1000 1532 doceat,
1016 1464 1113 1538 utque
1129 1465 1317 1519 ornamenta
1329 1458 1440 1519 eadem

310 1561 405 1635 atque
418 1562 608 1633 argumenta
622 1555 696 1629 sint,
712 1556 913 1635 suavitasque
928 1575 998 1616 oum
1019 1555 1150 1616 veritate
1167 1575 1292 1636 semper
1307 1556 1348 1616 sil
1363 1558 1439 1617 ¹con‘-

306 1654 433 1734 Juneta.‘
442 1649 585 1711 Manilius
595 1670 684 1725 vero,
696 1652 750 1731 qui
762 1654 839 1732 qatis
852 1659 1039 1731 arroganter
1054 1661 1241 1714 ornamenta
1255 1662 1443 1735 aspernatus

310 1754 368 1824 est,
385 1753 574 1810 ornamenta
591 1748 692 1809 multa
711 1748 888 1827 collocavit,
903 1770 974 1831 quae
990 1770 1054 1812 non
1073 1750 1268 1831 explicandae
1289 1750 1441 1813 doctrinae

309 1846 487 1908 necessaria
511 1851 595 1919 sunt,
617 1845 681 1907 imo
701 1845 810 1907 inania
831 1853 905 1909 sunt
929 1855 960 1910 ct
975 1867 1181 1929 supervacua.
1203 1847 1267 1909 Gur
1285 1849 1370 1911 enim
1396 1855 1441 1910 tot

311 1941 483 2005 fabulosae
494 1943 626 2005 deorum
637 1942 835 2024 heroumque
846 1964 969 2008 amores
986 1951 1017 2007 et
1032 1945 1168 2021 labores,
1184 1965 1240 2007 eur
1260 1952 1323 2007 tam
1340 1947 1442 2008 multa

311 2039 481 2105 illustrium
504 2039 645 2103 virorum
670 2042 800 2103 nomina
823 2049 933 2124 totque
953 2043 1074 2123 judicia
1096 2043 1133 2104 de
1157 2043 1195 2104 iis
1218 2050 1249 2106 et
1270 2045 1440 2107 sententias

311 2139 465 2202 inseruit?
484 2137 547 2200 Gur
565 2139 644 2201 illud
667 2139 706 2200 de
727 2140 929 2203 Andromeda
946 2161 1010 2203 non
1031 2141 1140 2223 paucis
1163 2160 1240 2204 sane
1260 2142 1367 2203 verbis
1386 2161 1442 2204 nec

312 2236 508 2317 simplicibus
527 2236 731 2318 rudibusque,
753 2239 805 2300 sed
826 2240 912 2300 omni
934 2259 1009 2300 cura
1030 2239 1205 2320 expolitum
1227 2258 1263 2301 ac
1286 2240 1440 2301 nitidum?

312 2334 473 2414 Multaque
488 2331 551 2395 alia
571 2353 641 2415 quae
653 2335 720 2414 jam
738 2337 920 2417 proferam?
932 2337 995 2397 Nisi
1009 2356 1075 2398 rem
1094 2355 1206 2399 ornare
1223 2337 1335 2412 voluit,
1352 2338 1441 2419 eique

312 2447 384 2512 quae
401 2448 467 2492 non
486 2430 599 2506 inerat,
622 2431 863 2496 delectationem
887 2435 1080 2496 extrinsecus
1103 2435 1267 2515 quesitam
1294 2435 1438 2515 adjicere.

312 2530 394 2593 Num
422 2527 519 2609 igitur
546 2547 651 2613 operae
677 2530 813 2613 pretium
837 2533 898 2595 luit
920 2533 1157 2615 prestigiatoris
1185 2552 1261 2596 voce
1289 2533 1441 2597 miracula

311 2626 484 2692 nuntiare:

457 2812 560 2873 ornari
573 2832 620 2871 res
632 2816 696 2889 ipsa
710 2823 812 2890 negat,
824 2824 962 2877 contenta
976 2819 1090 2877 doceri?
