3184 5125
21 799 23 852 l

21 911 22 966 1

21 985 23 1060 l

635 479 792 542 ..13-

286 643 370 708 Quod
381 641 475 697 solum
492 640 587 697 decuit
601 642 741 697 mortales
757 657 843 697 nosse
860 635 1011 699 metallum
1027 659 1035 699 ε

284 721 483 787 Ν111181811188,
498 737 557 776 uon
570 721 631 776 11118
644 721 739 776 forent
746 720 858 793 jejunia
871 722 974 778 terris:

285 800 368 857 Dives
382 804 444 860 erat
458 817 564 856 census
579 801 715 856 saturatis
730 801 863 873 gentibus
878 801 941 856 orbi
955 805 977 858 ¹.

144 981 204 1042 Nec
219 976 384 1040 dissimilia
398 983 472 1038 sunt
484 976 541 1038 illa
556 976 595 1037 de
610 975 686 1038 luxu
703 994 710 1037 :

287 1163 323 1218 Ut
336 1160 452 1218 veniant
466 1176 603 1234 gemmae,
614 1163 691 1216 totus
706 1160 874 1216 transibitur
885 1161 1040 1218 orbist.....

288 1239 419 1298 Luxuriae
434 1257 548 1313 quoque
562 1239 666 1296 militia
678 1243 730 1308 est,
746 1240 902 1313 vigilatque
913 1240 1003 1296 ruinis

288 1323 402 1388 Venter,
419 1325 457 1390 et,
473 1322 505 1375 ut
515 1322 642 1391 pereant,
660 1319 806 1392 suspirant
823 1337 900 1392 saepe
916 1323 1036 1392 nepotes
1048 1321 1069 1380 ¹.

448 1401 511 1457 lam
526 1398 616 1456 ventri
631 1398 746 1472 longius
761 1398 820 1454 itur

289 1483 382 1548 Quam
397 1479 485 1536 modo
499 1479 609 1535 militiae
626 1502 632 1536 :
649 1479 840 1536 Numidarum
853 1479 1002 1551 pascimur
1015 1479 1083 1552 oris,

288 1561 427 1617 Phasidos
442 1565 471 1617 81
486 1559 570 1630 lucis;
588 1559 743 1616 arcessitur
757 1558 825 1615 inde
839 1560 1006 1629 macellum,

288 1641 368 1696 Unde
383 1644 486 1699 8111818
499 1656 575 1696 novo
591 1640 708 1696 derecta
721 1645 764 1695 est
779 1656 895 1712 aequore
912 1639 995 1712 pellis
1005 1642 1026 1696 ³.

184 1837 241 1898 (lui
255 1855 320 1898 non
336 1837 513 1919 apparebit,
529 1838 601 1900 ideo
616 1837 704 1899 illam
720 1838 757 1899 de
773 1837 915 1899 moribus
932 1837 1092 1901 tristitiam
1109 1839 1274 1900 scribentis

147 1941 330 2014 conceptam
348 1935 453 2014 luisse,
469 1940 505 1997 111
520 1935 553 1996 18
569 1941 744 1996 extremum
758 1935 949 1996 antithetum
964 1937 1120 1998 sententia
1133 1937 1270 2014 caderet,

147 2052 208 2112 quo
231 2033 364 2113 poetieae
385 2033 488 2094 aurati
509 2033 633 2094 velleris
652 2033 806 2094 mentioni
830 2033 1002 2094 domestica
1023 2033 1079 2093 illa
1098 2034 1274 2113 quotidiani

147 2131 319 2191 obsonatus
330 2130 435 2192 vilitas
447 2131 630 2212 opponitur.

184 2228 316 2301 Deinde,
337 2247 433 2309 quarn
453 2228 589 2290 libenter
607 2229 638 2290 in
656 2227 780 2290 fabulas
795 2227 844 2289 vel
860 2227 946 2290 brevi
966 2227 1120 2289 allusione
1134 2227 1183 2289 vel
1202 2228 1273 2290 1888

147 2326 330 2386 narratione
346 2326 530 2388 indicandas
549 2327 776 2406 digrederetur,
794 2328 862 2406 jam
883 2332 976 2387 811188
994 2326 1069 2388 dixi.
1086 2329 1168 2388 Raro
1188 2326 1271 2388 enirn

148 2423 265 2484 omittit
278 2423 455 2502 siguificare
472 2443 528 2485 cur
546 2443 636 2484 suurn
654 2425 745 2484 astris
762 2443 878 2485 nomen
893 2424 1077 2504 impositum
1092 2425 1142 2500 sit,
1160 2443 1272 2506 quam-

149 2541 207 2603 que
222 2522 356 2585 deorum
371 2521 576 2601 hominumve
593 2521 754 2583 fortunam
774 2528 830 2582 aut
848 2521 996 2583 virtutem
1018 2528 1170 2602 perpetuo
1185 2522 1274 2584 testi·

146 2620 253 2682 monio
275 2620 424 2682 declaret.
442 2620 521 2693 Quid
537 2627 643 2682 autem
659 2638 696 2681 88
715 2619 755 2681 ad
774 2620 1001 2681 astronomiam
1017 2622 1178 2700 spectant?
1193 2620 1273 2694 Quid

146 2718 333 2780 Phaetontis
354 2725 409 2779 8111
430 2718 563 2779 lunonis
586 2718 703 2779 labulae
727 2719 766 2779 ad
789 2718 1025 2796 intelligendam
1050 2716 1158 2779 circuli
1180 2717 1275 2778 lactei

146 2823 295 2878 naturam
309 2817 497 2878 conferunt?
513 2819 551 2877 Et
564 2835 621 2877 nos
638 2816 730 2877 docet
747 2823 843 2897 poeta
861 2815 975 2895 quibus
994 2815 1085 2877 astris
1102 2814 1275 2877 orientibus

147 2916 317 2976 Salmonea
335 2921 366 2976 81
388 2913 663 2993 Bellerophontem
684 2914 733 2974 vel
754 2914 943 2994 Meleagrum
965 2920 1057 2975 natos
1078 2933 1145 2976 esse
1163 2913 1273 2976 creda·

147 3031 216 3073 mus
238 3031 246 3074 :
268 3030 343 3072 num
365 3031 418 3073 888
437 3012 470 3072 111
488 3010 677 3092 explicanda
696 3018 763 3073 8118
783 3032 855 3094 quae
874 3009 1041 3074 veritatem
1061 3014 1273 3093 profiteretur,

146 3110 277 3171 laudare
302 3110 427 3172 decuit?
449 3110 538 3171 Unde
564 3129 639 3179 vero
664 3128 790 3172 8811811
814 3110 950 3171 breviter
972 3110 1129 3191 descripta
1151 3110 1273 3171 Andro-

146 3207 248 3269 medae
273 3213 305 3271 et
324 3209 455 3270 Perseos
474 3207 607 3269 fabula?
629 3209 699 3269 Non
722 3226 760 3269 88
779 3208 886 3268 omnia
907 3206 1065 3267 rhetorica
1087 3212 1275 3267 ornamenta

147 3307 240 3367 sunt?
1249 3309 1251 3312 ’

185 3405 232 3464 Ex
257 3403 396 3464 historiis
421 3410 526 3465 autem
549 3402 788 3485 praesertimque
812 3419 917 3461 rerum
939 3401 1153 3461 Romanarum
1176 3399 1276 3460 multa

146 3501 295 3564 Manilius
313 3502 345 3561 in
367 3520 447 3582 opus
468 3520 559 3563 suum
581 3500 722 3562 detorsit.
739 3499 813 3577 Sed,
831 3505 866 3560 ut
886 3498 919 3559 in
941 3496 1062 3575 ceteris,
1083 3497 1128 3558 ita
1145 3497 1177 3556 in
1200 3496 1274 3559 8118-

148 3599 252 3662 rendis
275 3599 451 3661 illustribus
472 3600 522 3661 181
544 3600 634 3661 188118
658 3599 707 3659 vel
731 3598 818 3675 viris,
839 3596 918 3658 nihil
938 3595 1020 3657 inter
1042 3594 1126 3656 hunc
1147 3599 1273 3677 poetam

147 3716 264 3777 eosque
284 3698 427 3759 rhetores
446 3698 587 3773 interest,
605 3715 738 3777 quorum
760 3696 848 3758 locos
871 3697 989 3756 Seneca
1010 3699 1101 3775 pater
1120 3693 1274 3773 plurimos

146 3787 339 3877 perscripsit.
361 3797 397 3856 ln
419 3795 568 3857 suasoriis
587 3795 670 3857 enirn
693 3792 974 3873 controversiisque
996 3810 1075 3872 qnos
1095 3788 1274 3851 scholastici

147 3897 213 3955 tum
227 3892 408 3968 condidere,
423 3893 605 3956 notissimas
618 3895 832 3954 Romanorum
847 3889 992 3950 victorias
1005 3894 1036 3950 81
1048 3887 1164 3965 clades,
1175 3885 1277 3947 humi·

148 3990 192 4053 les
212 3991 300 4054 urbis
319 3992 468 4072 origines,
485 3997 721 4071 crescentesque
739 3988 773 4049 in
789 3987 978 4048 immensum
993 3990 1115 4063 auctus,
1133 3983 1274 4047 Servium

179 4203 199 4252 1.
215 4204 297 4262 Man„
312 4204 429 4264 Astron,
441 4205 472 4262 V,
488 4206 543 4255 211.

177 4274 201 4321 11.
218 4273 269 4332 Id,
284 4274 359 4333 ibid„
373 4276 413 4334 lV,
429 4276 486 4339 391,
502 4276 556 4325 llll.

178 4343 266 4404 8111,
281 4344 357 4404 ibid,
370 4346 402 4410 V,
416 4347 470 4396 315.
