3184 5125
643 499 805 562 -43-

147 639 181 696 et
190 632 294 693 vitam
304 632 439 708 regeret.
449 627 555 690 Liceat
568 629 664 708 igitur
675 632 800 693 Manilio
812 652 831 693 a
844 631 950 693 stoicis
959 631 1136 708 descivisse,
1149 633 1233 712 quod
1244 634 1285 695 ad

149 727 262 792 mundi
278 729 434 804 originem
451 728 583 789 attinet:
601 728 677 810 illud
696 729 810 792 saltem
829 730 915 791 haud
937 730 1055 810 injuria
1073 731 1283 811 requiremus,

148 829 177 889 si
200 827 293 889 stoici
311 844 428 886 nomen
449 824 495 886 illi
520 825 710 904 vindicatur,
727 834 762 888 ut
782 847 852 888 oum
875 828 980 889 stoicis
1000 828 1039 895 de
1054 827 1197 889 moribus
1213 849 1284 890 sen-

151 927 222 988 tiat.
240 928 372 1004 Nempe,
389 923 416 983 si
436 923 476 983 ab
496 923 648 1004 Epicureo
664 931 759 1004 poeta
779 927 923 987 Lucretio
941 931 1009 986 tota
1029 926 1139 986 mundi
1153 927 1285 1007 physica

151 1024 236 1086 ratio
246 1022 279 1082 in
289 1040 414 1083 morum
426 1028 585 1102 praecepta
594 1028 626 1083 et
634 1023 804 1084 utilitatem
815 1024 887 1084 vitae
897 1023 1050 1084 translata
1060 1029 1118 1098 est,
1132 1024 1208 1103 quid
1218 1043 1283 1085 non

153 1142 194 1184 ea
217 1121 255 1182 de
280 1140 313 1181 re
335 1119 475 1180 effundet
494 1125 590 1199 poeta
609 1121 745 1182 stoicus?
766 1121 863 1198 Cujus
878 1122 997 1183 scilicet
1019 1120 1192 1200 disciplinae
1216 1129 1282 1183 tarn

153 1219 249 1282 multi
263 1219 350 1279 luere
367 1217 433 1298 qui,
450 1217 590 1278 carmine
603 1218 653 1278 vel
669 1218 773 1280 soluta
794 1219 949 1291 oratione,
963 1219 1100 1279 vividam
1116 1219 1281 1298 proferen-

153 1324 202 1379 tes
222 1321 254 1378 et
274 1314 363 1396 quasi
381 1314 560 1392 religiosam
582 1315 807 1396 eloquentiam,
826 1317 979 1378 incertum
1000 1323 1030 1376 et
1051 1317 1282 1378 inconstantem

153 1413 294 1477 hominis
324 1413 465 1474 animum
493 1413 650 1493 corrigere
675 1421 707 1476 et
734 1415 774 1475 ad
799 1433 957 1476 summum
983 1413 1102 1474 bonum
1121 1414 1282 1494 Deumque

154 1530 342 1594 perpacem
364 1530 400 1573 ac
422 1512 571 1573 virtutem
592 1513 710 1592 erigere
732 1514 795 1574 sint
817 1511 932 1574 conati.
954 1514 995 1573 Ut
1012 1511 1153 1572 Persium
1169 1530 1207 1571 ac
1226 1513 1282 1573 Se·

154 1629 268 1672 necam
282 1609 440 1683 omittam,
457 1610 511 1690 qui
525 1611 556 1672 id
571 1610 675 1690 ipsum
690 1610 931 1691 profitebantur,
948 1610 1019 1690 quis
1033 1629 1096 1670 non
1111 1628 1168 1690 per
1179 1614 1282 1671 totum

153 1709 274 1769 Lucani
293 1726 433 1786 carmen,
460 1726 517 1787 per
543 1707 625 1768 hanc
651 1707 806 1769 bellorum
836 1692 974 1769 civilium
1003 1708 1168 1769 historiam
1191 1707 1283 1786 quasi

152 1806 326 1868 stoicorum
342 1806 430 1866 illam
444 1805 568 1885 igneam
578 1806 641 1866 vim
652 1806 801 1879 infusam,
812 1825 875 1886 qua
890 1805 1030 1867 calerent
1044 1806 1151 1868 omnia
1166 1811 1283 1866 essent-

153 1923 214 1984 que
231 1904 384 1977 animata,
401 1903 516 1964 sensit?
531 1905 639 1964 Nonne
654 1904 738 1964 idem
754 1910 823 1965 erat
839 1904 890 1964 hic
906 1905 1163 1984 exspectandum,
1181 1921 1282 1982 eoque

153 2002 268 2080 magis,
285 2001 369 2081 quod
397 2001 588 2078 astrologica
617 2001 697 2062 ratio
720 2001 789 2080 ipsa
815 2001 899 2062 viam
925 2002 1047 2080 aperire
1070 1999 1281 2080 philosophiae

153 2099 383 2182 praeceptisque
397 2099 523 2160 vivendi
537 2098 714 2160 videbatur.

195 2199 235 2258 ln
247 2197 364 2257 Manilii
373 2203 480 2258 tamen
489 2201 635 2276 poemate
648 2196 696 2256 vel
710 2195 902 2277 paucissima
917 2195 1103 2275 reperienda
1114 2200 1200 2270 sunt,
1210 2212 1282 2272 quae

153 2295 199 2356 ad
219 2295 317 2354 vitam
335 2301 416 2357 recte
437 2295 660 2357 instituendam
685 2294 874 2375 pertineant.
892 2292 1014 2353 Debiles
1032 2311 1109 2353 sane
1125 2291 1281 2365 homines,

151 2399 186 2455 et
202 2392 334 2454 claudos
355 2399 386 2454 et
403 2413 532 2454 mancos
551 2399 582 2454 et
597 2392 699 2454 luscos
719 2392 794 2452 satis
813 2411 896 2452 nova
912 2391 1065 2452 solatione
1083 2391 1282 2465 adhortatur,

151 2511 191 2553 ne
207 2511 246 2553 ea
264 2510 348 2571 aegre
364 2491 468 2552 lerant
482 2511 552 2572 quae
569 2491 674 2552 attulit
689 2492 818 2551 fortuna
834 2511 840 2549 :

299 2634 432 2706 Scorpios
447 2634 477 2689 iu
493 2634 565 2689 libra
579 2634 721 2689 consumit
734 2632 852 2689 brachia
868 2650 875 2688 :
889 2634 1000 2687 'laurus

299 2713 426 2769 Succidit
441 2714 470 2769 iu
486 2730 570 2769 curvo
584 2713 703 2768 claudus
718 2713 791 2785 pede
809 2731 816 2768 :
832 2713 940 2768 lumina
956 2714 1063 2768 Cancro

298 2796 422 2862 Desunt;
439 2794 582 2849 Centauro
600 2798 732 2865 superest
747 2797 775 2849 et
790 2794 928 2865 quaeritur
940 2808 1042 2847 unum.

299 2874 345 2929 Sic
360 2878 472 2929 nostros
487 2891 569 2929 casus
586 2876 694 2929 solatur
706 2875 833 2930 mundus
847 2874 877 2927 in
892 2873 985 2940 astris,

298 2954 495 3026 Exemploque
510 2955 594 3009 docet
607 2954 749 3026 patienter
764 2956 872 3011 damna
886 2954 983 3010 subire
1000 2972 1007 3009 ε
1104 2988 1108 2997 ·

300 3033 398 3105 Omnis
413 3050 478 3088 curn
493 3034 562 3090 caelo
574 3034 698 3090 fortunae
711 3036 837 3106 pendeat
849 3035 930 3105 ordo,

299 3117 420 3185 Ipsaque
437 3113 577 3169 debilibus
592 3114 752 3175 formentur
767 3115 862 3170 sidera
876 3114 1015 3170 membris
1030 3116 1051 3169 ¹.

194 3257 300 3317 Etiam
322 3256 356 3315 in
370 3256 482 3317 eodem
498 3255 591 3329 libro,
606 3274 702 3335 quam
718 3273 790 3315 rara
805 3256 856 3315 vel
869 3255 902 3313 in
921 3254 1014 3313 astris
1033 3252 1172 3312 amicitia
1193 3250 1234 3311 sit
1253 3258 1285 3311 et

154 3353 339 3429 concordia,
353 3360 492 3433 quotque
504 3354 587 3414 inter
598 3353 742 3413 homines
757 3370 795 3411 ex
810 3350 929 3411 invidia
944 3368 980 3410 ao
995 3347 1151 3409 discordia
1165 3346 1284 3408 scelera

153 3459 187 3513 et
197 3452 304 3513 clades
315 3452 513 3531 proveniant,
522 3450 804 3531 exponit‚locoque
814 3445 1117 3509 communilibenter
1126 3443 1281 3522 indulget,

156 3568 213 3611 nec
233 3549 410 3631 quidquam
426 3549 543 3610 fereda
561 3547 711 3609 Romanis
724 3546 806 3607 vitiis
826 3545 991 3627 proprium
1008 3564 1044 3606 ao
1060 3543 1218 3625 peculiare
1232 3545 1284 3604 ad·

151 3645 243 3725 jicit:
268 3645 329 3707 nisi
345 3646 415 3727 quis
431 3648 464 3707 in
483 3645 521 3707 iis
542 3646 714 3726 quamdam
734 3645 772 3706 de
793 3644 942 3725 praesenti
963 3650 1107 3724 tempore
1122 3643 1284 3724 querelam

155 3743 325 3805 adnotabit
337 3761 344 3804 :

301 3876 335 3930 Et
350 3842 394 3931 las
410 3880 497 3949 atque
513 3865 594 3931 nelas
608 3844 895 3946 mixtum-legesque
909 3891 961 3946 per
974 3873 1051 3946 ipsas

301 3954 390 4011 Saevit
404 3956 564 4029 nequities;
581 3972 680 4028 poenas
692 3956 754 4027 jam
767 3953 853 4009 noxia
867 3952 952 4007 vincit
967 3954 988 4008 ².

157 4098 217 4160 Sed
231 4098 303 4179 ipsa
321 4098 377 4160 illa
391 4119 465 4161 rara
485 4105 640 4180 apparent
660 4098 692 4157 in
709 4103 798 4158 vasto
814 4101 973 4178 poemate,
989 4114 1047 4157 nec
1061 4100 1157 4175 poeta
1174 4095 1285 4157 crebro

189 4294 213 4342 l.
227 4292 308 4353 blan,
322 4294 441 4356 datram,
457 4295 488 4353 ll,
505 4293 559 4345 258.

189 4364 212 4413 2.
228 4363 368 4425 1d.,ttid.,
384 4366 417 4429 ll,
430 4367 485 4416 ecl.
