3184 5125
814 466 974 531 -90-

473 605 536 660 Non
550 602 713 674 conjuratos
726 617 820 674 reges,
836 601 978 674 'trojaque
993 601 1113 657 cadente

474 685 598 740 Hectora
612 682 744 738 venalem
759 681 857 751 cineri,
871 682 1076 754 Priamumque
1090 679 1248 750 ferentem3

474 762 610 821 Colchida
625 778 678 818 nec
692 761 819 818 referam
832 761 1012 817 vendentem
1025 776 1116 833 regna
1125 760 1262 832 parentis,

474 847 508 901 Et
521 844 647 899 lacerum
662 841 783 897 fratrem
798 846 908 913 stupro,
926 845 1097 913 segetesque
1112 841 1248 911 virorum,

473 928 692 993 Taurorumque
704 924 799 977 truces
814 920 961 991 flammas,
974 920 1150 993 vigilemque
1166 920 1333 994 draconem,

474 1006 509 1060 Et
521 1002 642 1058 reduces
652 1016 757 1066 annos,
771 1016 900 1072 auroque
916 999 1051 1056 incendia
1062 999 1147 1070 iacta,

473 1085 507 1139 Et
520 1080 597 1137 mals
613 1084 765 1150 conceptos
780 1082 880 1151 partus
893 1080 1034 1152 pejusque
1046 1083 1176 1148 necatos3

472 1164 535 1218 Non
551 1176 660 1216 annosa
675 1175 777 1215 canam
790 1161 928 1216 Messanae
941 1159 1020 1215 belle
1030 1158 1172 1228 nocentis,

410 1281 412 1287 ι
474 1243 674 1313 Septenosque
689 1240 790 1306 duces,
809 1244 968 1313 ereptaque
982 1237 1104 1294 fulmine
1117 1239 1245 1296 flammis

473 1321 575 1380 ldoenia
590 1321 765 1388 Thebarum,
774 1322 805 1374 et
819 1319 926 1376 rictam
936 1319 1003 1392 quia
1015 1319 1121 1374 vicerat
1131 1320 1244 1391 urbem,

475 1404 691 1473 Germanosque
700 1399 791 1472 patris
806 1400 943 1465 referam,
958 1399 1117 1472 matrisque
1129 1403 1260 1472 nepoteS,

472 1484 668 1552 Natorumque
683 1479 791 1552 epulas,
809 1495 1008 1552 conversaque
1023 1479 1118 1535 sidere
1128 1483 1207 1535 retro

460 1561 669 1633 ‘Ereptumque
685 1560 777 1629 diem;
796 1576 851 1615 nec
864 1559 979 1614 Persice
992 1558 1068 1615 bella
1081 1558 1227 1630 profundo

470 1641 591 1710 lndicta,
607 1643 636 1696 et
649 1656 757 1713 magna
771 1642 895 1711 pontum
905 1639 958 1695 suh
971 1640 1064 1694 classa
1077 1639 1230 1707 latentem,

471 1719 697 1791 lmmissumquc
712 1720 821 1776 fretum
835 1720 932 1789 terris,
948 1719 1004 1775 iter
1018 1719 1142 1792 aequoris
1155 1719 1253 1787 undis;

470 1801 533 1856 Non
547 1799 623 1871 regis
636 1799 733 1870 Magni
746 1799 840 1871 spatio
853 1801 965 1872 majore
978 1799 1111 1855 canenda

474 1879 567 1945 Quam
581 1879 635 1933 sint
650 1883 725 1947 acta,
739 1878 843 1950 loquar
858 1881 903 1934 ¹...

331 2087 380 2144 tot
392 2081 509 2144 scilicet
522 2081 694 2161 aenigmata
708 2087 786 2162 quot
799 2099 901 2143 voces.
916 2081 971 2142 His
985 2086 1081 2161 atque
1098 2080 1168 2142 aliis
1177 2079 1318 2162 ejusdem
1332 2077 1459 2158 generis

333 2180 440 2242 multis
453 2179 600 2243 Manilius
613 2180 740 2260 gaudet,
756 2180 859 2241 necin
874 2186 1017 2260 apertam
1029 2199 1133 2241 rerum
1143 2179 1359 2241 narrationem
1371 2195 1459 2257 saepe

326 2277 512 2339 effunditur.

369 2375 423 2436 Sin
443 2381 549 2436 autem
571 2375 698 2454 quando
722 2375 800 2456 quid
823 2381 961 2450 enarrat,
976 2380 1044 2436 tum
1066 2375 1162 2436 etiam
1186 2373 1325 2453 singulas
1348 2379 1458 2454 partes

328 2490 393 2533 non
401 2478 465 2534 tam
476 2471 616 2534 declarat
624 2473 732 2554 palam
743 2492 839 2554 quam
851 2473 978 2553 oblique
989 2472 1124 2551 stringit,
1133 2490 1190 2533 nec
1200 2478 1266 2533 tam
1274 2491 1340 2532 rem
1351 2471 1456 2552 ipsam

326 2589 424 2651 quam
446 2571 530 2633 circa
544 2591 611 2633 rem
631 2590 723 2633 suum
740 2572 903 2652 ingenium
916 2570 998 2634 velle
1011 2571 1151 2633 indicare
1162 2570 1299 2633 videtur.
1315 2569 1456 2651 Ideoque

323 2669 436 2731 crebro
452 2670 499 2746 fit,
515 2675 630 2732 utnon
649 2690 687 2731 ea
704 2669 811 2749 eligat,
830 2689 901 2750 quae
917 2669 1080 2752 proprium
1098 2668 1141 2743 id,
1158 2669 1244 2749 quod
1257 2668 1303 2729 rei
1317 2668 1399 2729 inest
1413 2666 1455 2728 ad

326 2767 519 2829 movendum
540 2774 595 2829 aut
618 2767 851 2841 delectandum,
872 2772 1060 2843 monstrent,
1081 2766 1137 2827 sed
1158 2785 1195 2827 ea
1216 2770 1350 2846 quaerat,
1367 2784 1452 2845 quae,

326 2862 406 2923 nihil
420 2882 478 2942 per
491 2884 524 2925 se
543 2866 623 2944 ipsa,
641 2865 728 2945 quod
747 2870 873 2926 moveat
887 2870 942 2925 aut
962 2863 1107 2938 delectet,
1124 2864 1298 2938 afferentia,
1314 2862 1454 2923 alienam

324 2959 744 3040 exartitioiopraestigiisque
763 2961 929 3022 scribentis
939 2960 1206 3040 pulchritudinem
1216 2965 1247 3022 et
1262 2960 1452 3022 suavitatem

324 3055 468 3133 induent,
485 3076 556 3138 quae
571 3062 638 3119 tota
652 3056 756 3120 verbis
770 3057 993 3120 continebitur.
1013 3060 1105 3132 Quod
1119 3059 1195 3122 satis
1208 3057 1453 3139 intelligetur,si

323 3154 395 3237 quis
409 3155 467 3217 hos
482 3173 592 3217 versus
602 3157 764 3219 attendere
773 3156 861 3235 velit,
873 3155 988 3237 quihus
998 3156 1118 3238 Phryxi
1129 3156 1267 3219 Arietem
1280 3155 1448 3219 describit:

466 3363 582 3436 Virgine
595 3363 712 3436 delapsa
727 3382 793 3421 cum
808 3366 928 3422 tratrem
941 3365 979 3421 ad
991 3366 1091 3421 littora
1104 3365 1191 3435 vexit,

465 3445 501 3499 Et
514 3446 605 3499 minui
620 3444 728 3515 defleuit
742 3460 812 3501 onus
827 3446 991 3518 mauroque
1006 3447 1091 3503 beari
1105 3446 1126 3501 ².
1223 3482 1229 3492 ·

363 3647 451 3709 Nunc
468 3653 586 3725 autem,
603 3658 769 3731 perspecto
793 3652 914 3715 Manilii
932 3672 1047 3733 genere
1066 3651 1200 3728 dicendi,
1222 3668 1351 3714 emensa
1376 3667 1446 3731 quae

322 3743 413 3805 nohis
430 3764 697 3827 proposueramus
714 3752 817 3831 spatia
832 3750 977 3829 judicare
992 3750 1109 3826 licebit,
1125 3751 1152 3812 si
1166 3751 1252 3831 prius
1268 3749 1347 3810 duos
1360 3748 1445 3809 insu·

322 3860 379 3921 per
393 3842 480 3905 locos
494 3844 704 3922 attulerimus,
723 3848 838 3929 quihus
852 3848 1018 3929 explicatis
1035 3847 1213 3929 apparebit,
1227 3867 1291 3928 qua
1302 3852 1444 3909 constan·

321 3940 367 4001 tia
385 3946 481 4021 poeta
498 3940 649 4005 distortas
663 3945 734 4006 illas
752 3947 925 4009 sententias
942 3935 1134 4026 effossasque
1152 3945 1252 4008 nimia
1266 3963 1343 4007 cura
1356 3959 1445 4005 voces

321 4038 355 4097 in
369 4057 463 4118 opere
481 4040 596 4103 mixtas
610 4043 851 4107 continuaverit.

353 4269 376 4316 l.
389 4266 470 4327 Man„
482 4269 600 4329 Astron,
616 4271 663 4331 ΙΙΙ,
676 4274 700 4323 5.

353 4337 378 4387 2.
395 4336 446 4400 ld.,
462 4337 534 4398 itio.
551 4341 595 4403 lV,
611 4342 666 4392 ill.
