3184 5125
779 451 976 532 Ι-66-

329 593 419 655 Nuuc
433 589 529 653 rariae
544 587 730 671 pilariorum
746 592 829 650 artes
846 605 853 648 :

471 741 522 797 1116
536 740 626 812 pilum
640 739 726 795 celeri
737 738 898 809 fugientem
908 735 1030 791 reddere
1043 735 1153 806 planta,

469 822 503 876 Et
517 820 637 893 pedibus
652 835 775 892 pensare
790 833 905 883 manus,
920 819 950 871 61
960 815 1061 871 ludere
1075 814 1155 882 folle,

469 900 677 970 Mobilibusque
697 898 854 954 6116616166
871 897 1032 970 glomerare
1045 894 1160 951 lacertis
1178 911 1185 950 ε

469 982 518 1037 1116
535 983 635 1051 potens
649 978 735 1035 turba
749 976 922 1050 perfundere
937 975 1071 1031 membra
1082 973 1224 1046 pilarum,

469 1062 523 1116 Per
534 1061 686 1131 totumque
701 1073 789 1130 vagas
804 1072 905 1127 corpus
917 1054 1069 1126 disponere
1086 1054 1210 1124 palmas,

470 1140 507 1195 Ut
520 1143 618 1194 teneat
632 1141 728 1194 tantos
742 1137 826 1193 orbes
842 1134 954 1207 sibique
967 1134 1030 1206 ipsa
1045 1132 1169 1203 reludat,

471 1219 506 1274 Et
516 1219 594 1274 v'elut
607 1218 725 1274 edoctos
736 1216 839 1288 jubeat
854 1214 974 1272 volitare
987 1214 1149 1286 peripsum
1165 1215 1186 1267 ¹.

329 1370 475 1432 11166666
490 1367 632 1430 ebriosus
649 1386 656 1428 :

473 1517 671 1590 Gaudebitqne
685 1532 766 1572 mero
782 1516 950 1589 mergetque
965 1513 995 1568 in
1008 1513 1113 1585 pocula
1125 1514 1255 1568 mentem
1271 1512 1294 1568 ¹.

329 1670 385 1732 llic
400 1668 515 1732 auditis
527 1674 699 1748 occupatus
713 1665 911 1747 symphoniis
925 1685 933 1727 ε

662 1833 746 1873 curas
760 1818 838 1872 inter
851 1818 961 1872 secreta
976 1814 1105 1871 movebit

471 1898 616 1967 Carmina,
630 1897 736 1952 furtivo
752 1897 917 1952 modulatus
931 1912 1080 1950 murmure
1094 1911 1206 1964 vocem,

471 1979 554 2037 Solus
569 1976 671 2050 etipse
687 1993 753 2032 suas
767 1992 883 2047 semper
897 1974 1023 2031 cantabit
1037 1974 1074 2031 ad
1084 1991 1168 2031 aures
1184 1976 1205 2031 ⁸.

329 2120 420 2197 Quid,
437 2122 511 2202 qui:

517 2273 631 2343 linguas
644 2270 798 2326 hominum
812 2285 970 2341 sensusque
982 2267 1096 2323 docebit

469 2352 568 2408 Aerias
583 2352 721 2418 66166666,
735 2365 866 2421 novaque
880 2349 910 2404 in
925 2346 1097 2402 commercia
1109 2346 1203 2414 ducet,
1217 2360 1224 2367 ·

470 2432 621 2504 Verbaque
635 2429 783 2502 praecipiet
797 2433 909 2484 6616666
924 2429 988 2499 lege
1002 2426 1143 2500 nogant?

328 2568 383 2633 Vel
399 2569 465 2645 alii,

697 2675 808 2730 clausas
822 2673 871 2746 qui
886 2673 1011 2730 culmine
1026 2689 1139 2729 summo

469 2758 586 2815 Pascere
601 2771 667 2811 aves
680 2755 796 2810 Veneris
810 2754 949 2826 gaudent,
964 2758 993 2809 et
1004 2754 1125 2809 reddere
1140 2753 1209 2809 caelo

469 2838 525 2892 hut
541 2836 625 2891 certis
639 2850 773 2890 66666666
788 2834 880 2900 66116;
897 2838 1027 2889 totumve
1038 2850 1091 2907 per
1103 2834 1205 2890 urbem

470 2914 524 2979 Qui
540 2918 653 2987 gestant
669 2913 760 2969 caveis
778 2915 909 2969 66166666
924 2913 962 2969 ad
972 2914 1052 2985 jussa
1063 2919 1189 2985 paratas,

472 2996 601 3059 Quorum
615 2993 709 3049 omnis
723 3009 812 3065 parvo
828 2993 959 3048 consistit
972 3010 1089 3066 passere
1104 3010 1207 3051 census
1224 2994 1254 3049 ⁶?

328 3145 384 3210 Vel
397 3146 453 3228 qui
466 3150 627 3226 serpentes

469 3305 614 3378 Accipient
628 3304 795 3378 sinibusque
810 3304 870 3361 suis
882 3305 1026 3379 peploque
1039 3304 1172 3378 fluentes,

470 3388 631 3461 Osculaque
645 3386 800 3443 horrendis
810 3386 932 3459 jungent
945 3385 1065 3459 impune
1080 3385 1198 3443 6666616
1214 3382 1245 3441 11

360 3590 382 3637 l.
398 3587 479 3649 Mau,
493 3588 609 3645 Astron„
625 3588 656 3651 V,
671 3590 726 3639 165.

359 3659 384 3709 2.
398 3658 448 3719 ld.,
464 3656 537 3717 ibid,
554 3660 586 3721 V,
601 3659 655 3709 216.

360 3731 383 3779 3.
397 3728 448 3792 ld,
462 3726 536 3785 ibid„
552 3731 583 3792 V,
598 3731 653 3779 335.
670 3758 701 3767 -
720 3730 830 3792 Seneca,
846 3728 878 3781 dc
895 3730 967 3782 Boeo.
986 3730 1053 3787 cita,
1069 3729 1115 3779 1111
1136 3746 1144 3779 :
1162 3747 1175 3775 6
1194 3728 1323 3791 Quorum,
1339 3740 1402 3777 cum
1419 3726 1454 3776 ad

329 3813 372 3850 666
387 3800 480 3861 serias,
494 3802 576 3851 etium
591 3815 662 3867 saepe
677 3802 768 3852 tristes
784 3801 900 3852 adhibiti
916 3806 988 3861 6661,
1005 3801 1149 3852 exauditur
1163 3801 1246 3851 tacita
1257 3798 1426 3850 modulatio?
1441 3819 1454 3840 ι

329 3871 423 3921 Nonne
433 3870 495 3936 jure
510 3872 718 3935 suspicabimur,
727 3876 757 3922 61
766 3872 910 3921 illustrium
923 3872 1045 3922 virorum
1057 3876 1084 3922 61
1094 3876 1240 3935 gestorum,
1251 3871 1289 3921 116
1300 3870 1453 3934 lepidarum

329 3941 448 4003 vulgaris
467 3942 529 3991 vitae
546 3943 759 4007 descriptionum
778 3942 883 4006 copiam
901 3942 929 3991 in
951 3942 1049 3996 scholis
1068 3943 1229 4005 comparari,
1247 3956 1314 4005 quas
1337 3940 1454 4004 quisque

329 4016 422 4073 postea
443 4013 471 4061 in
491 4014 633 4064 scribendo
651 4014 684 4064 ad
704 4015 848 4064 utilitatem
868 4027 945 4064 suam
963 4017 1112 4074 convertat,
1131 4014 1284 4077 quibusque
1303 4012 1348 4062 hic
1367 4011 1457 4075 philo·

328 4082 451 4145 sophiam
466 4088 554 4147 ornet,
570 4084 615 4135 ille
630 4085 811 4149 astrologiam,
827 4084 976 4147 quamlibet
990 4086 1060 4135 alius
1075 4083 1235 4135 materiam?

359 4153 382 4201 1.
398 4152 448 4213 ld.,
462 4153 536 4212 ibid,
552 4155 583 4216 V,
600 4156 655 4207 319.

360 4224 383 4272 5.
398 4220 449 4283 ln,
464 4222 539 4281 ibid,
555 4225 586 4285 V,
602 4226 655 4273 381.

360 4291 539 4355 o.1d.‚ioid.,
554 4295 586 4355 V,
602 4295 656 4344 39³.
