<?xml version="1.0" encoding="UTF-8"?>
<!DOCTYPE html PUBLIC "-//W3C//DTD XHTML 1.0 Transitional//EN"
    "http://www.w3.org/TR/xhtml1/DTD/xhtml1-transitional.dtd">
<html xmlns="http://www.w3.org/1999/xhtml" xml:lang="en" lang="en">
 <head>
  <title>
</title>
<meta http-equiv="Content-Type" content="text/html;charset=utf-8" />
  <meta name='ocr-system' content='tesseract 3.04.00' />
  <meta name='ocr-capabilities' content='ocr_page ocr_carea ocr_par ocr_line ocrx_word'/>
</head>
<body>
  <div class='ocr_page' id='page_1' title='image "./demaniliopoetae01lansgoog_0053.png"; bbox 0 0 3184 5125; ppageno 0'>
   <div class='ocr_carea' id='block_1_1' title="bbox 515 1275 985 1389">
    <p class='ocr_par' dir='ltr' id='par_1_1' title="bbox 515 1275 985 1389">
     <span class='ocr_line' id='line_1_1' title="bbox 515 1275 985 1389; baseline 0.002 -21"><span class='ocrx_word' id='word_1_1' title='bbox 515 1290 679 1368; x_wconf 76' lang='lat' dir='ltr'>curua</span> <span class='ocrx_word' id='word_1_2' title='bbox 712 1275 985 1389; x_wconf 77' lang='lat' dir='ltr'>suooaoou&#39;</span> 
     </span>
    </p>
   </div>
   <div class='ocr_carea' id='block_1_2' title="bbox 230 1634 1252 1687">
    <p class='ocr_par' dir='ltr' id='par_1_2' title="bbox 230 1634 1252 1687">
     <span class='ocr_line' id='line_1_2' title="bbox 230 1634 1252 1687; baseline 0 -2"><span class='ocrx_word' id='word_1_3' title='bbox 230 1637 300 1685; x_wconf 84' lang='lat' dir='ltr'>NUM</span> <span class='ocrx_word' id='word_1_4' title='bbox 325 1635 481 1685; x_wconf 76' lang='lat' dir='ltr'>Mantalos</span> <span class='ocrx_word' id='word_1_5' title='bbox 508 1634 698 1684; x_wconf 79' lang='lat' dir='ltr'>STOICORUM</span> <span class='ocrx_word' id='word_1_6' title='bbox 724 1636 916 1685; x_wconf 79' lang='lat' dir='ltr'>DISCIPLINAE</span> <span class='ocrx_word' id='word_1_7' title='bbox 941 1637 1058 1685; x_wconf 81' lang='lat' dir='ltr'>FUERlT</span> <span class='ocrx_word' id='word_1_8' title='bbox 1077 1636 1252 1687; x_wconf 73' lang='lat' dir='ltr'>santerna.</span> 
     </span>
    </p>
   </div>
   <div class='ocr_carea' id='block_1_3' title="bbox 178 1920 1306 2783">
    <p class='ocr_par' dir='ltr' id='par_1_3' title="bbox 178 1920 1306 2470">
     <span class='ocr_line' id='line_1_3' title="bbox 218 1920 1302 2001; baseline 0 -20"><span class='ocrx_word' id='word_1_9' title='bbox 218 1922 341 1983; x_wconf 81' lang='lat' dir='ltr'>Placuit</span> <span class='ocrx_word' id='word_1_10' title='bbox 358 1922 545 2001; x_wconf 89' lang='lat' dir='ltr'>quibusdam</span> <span class='ocrx_word' id='word_1_11' title='bbox 564 1921 726 1984; x_wconf 86' lang='lat' dir='ltr'><strong>Manilium</strong></span> <span class='ocrx_word' id='word_1_12' title='bbox 746 1922 897 1983; x_wconf 73' lang='lat' dir='ltr'>doctrinae</span> <span class='ocrx_word' id='word_1_13' title='bbox 913 1921 1084 1983; x_wconf 80' lang='lat' dir='ltr'>stoicorum</span> <span class='ocrx_word' id='word_1_14' title='bbox 1103 1921 1196 1982; x_wconf 85' lang='lat' dir='ltr'>fuisse</span> <span class='ocrx_word' id='word_1_15' title='bbox 1218 1920 1302 1982; x_wconf 89' lang='lat' dir='ltr'>dedi-</span> 
     </span>
     <span class='ocr_line' id='line_1_4' title="bbox 179 2018 1306 2099; baseline -0.003 -20"><span class='ocrx_word' id='word_1_16' title='bbox 179 2025 259 2094; x_wconf 89' lang='lat' dir='ltr'>tum,</span> <span class='ocrx_word' id='word_1_17' title='bbox 277 2038 447 2099; x_wconf 88' lang='lat' dir='ltr'>eorumque</span> <span class='ocrx_word' id='word_1_18' title='bbox 463 2020 591 2080; x_wconf 90' lang='lat' dir='ltr'>inventa</span> <span class='ocrx_word' id='word_1_19' title='bbox 605 2019 744 2080; x_wconf 86' lang='lat' dir='ltr'>versibus</span> <span class='ocrx_word' id='word_1_20' title='bbox 763 2019 991 2098; x_wconf 87' lang='lat' dir='ltr'>explicavisse:</span> <span class='ocrx_word' id='word_1_21' title='bbox 1009 2018 1088 2079; x_wconf 89' lang='lat' dir='ltr'>adeo</span> <span class='ocrx_word' id='word_1_22' title='bbox 1106 2023 1140 2079; x_wconf 94' lang='lat' dir='ltr'>ut</span> <span class='ocrx_word' id='word_1_23' title='bbox 1159 2018 1306 2095; x_wconf 82' lang='lat' dir='ltr'>egregius</span> 
     </span>
     <span class='ocr_line' id='line_1_5' title="bbox 181 2113 1304 2196; baseline -0.001 -20"><span class='ocrx_word' id='word_1_24' title='bbox 181 2116 312 2195; x_wconf 89' lang='lat' dir='ltr'>quidam</span> <span class='ocrx_word' id='word_1_25' title='bbox 324 2117 446 2178; x_wconf 73' lang='lat' dir='ltr'>Gallicae</span> <span class='ocrx_word' id='word_1_26' title='bbox 459 2117 676 2179; x_wconf 88' lang='lat' dir='ltr'>Universilatis</span> <span class='ocrx_word' id='word_1_27' title='bbox 687 2118 846 2196; x_wconf 77' lang='lat' dir='ltr'>professor</span> <span class='ocrx_word' id='word_1_28' title='bbox 856 2115 1030 2195; x_wconf 77' lang='lat' dir='ltr'>theolopam</span> <span class='ocrx_word' id='word_1_29' title='bbox 1042 2113 1130 2175; x_wconf 79' lang='lat' dir='ltr'>illum</span> <span class='ocrx_word' id='word_1_30' title='bbox 1139 2115 1304 2175; x_wconf 82' lang='lat' dir='ltr'><em>stoicorum</em></span> 
     </span>
     <span class='ocr_line' id='line_1_6' title="bbox 181 2212 1302 2293; baseline 0.001 -20"><span class='ocrx_word' id='word_1_31' title='bbox 181 2223 304 2291; x_wconf 78' lang='lat' dir='ltr'>poetam</span> <span class='ocrx_word' id='word_1_32' title='bbox 320 2214 431 2274; x_wconf 84' lang='lat' dir='ltr'>dixerit</span> <span class='ocrx_word' id='word_1_33' title='bbox 446 2216 467 2275; x_wconf 86' lang='lat'>¹.</span> <span class='ocrx_word' id='word_1_34' title='bbox 485 2216 585 2287; x_wconf 80' lang='lat' dir='ltr'>Ouam</span> <span class='ocrx_word' id='word_1_35' title='bbox 601 2214 780 2293; x_wconf 85' lang='lat' dir='ltr'>opinionem</span> <span class='ocrx_word' id='word_1_36' title='bbox 802 2232 868 2274; x_wconf 89' lang='lat' dir='ltr'>non</span> <span class='ocrx_word' id='word_1_37' title='bbox 887 2214 963 2273; x_wconf 89' lang='lat' dir='ltr'>satis</span> <span class='ocrx_word' id='word_1_38' title='bbox 983 2217 1127 2273; x_wconf 76' lang='lat' dir='ltr'>constare</span> <span class='ocrx_word' id='word_1_39' title='bbox 1145 2212 1302 2287; x_wconf 85' lang='lat' dir='ltr'>existimo,</span> 
     </span>
     <span class='ocr_line' id='line_1_7' title="bbox 181 2309 1301 2392; baseline 0.002 -21"><span class='ocrx_word' id='word_1_40' title='bbox 181 2309 274 2389; x_wconf 88' lang='lat' dir='ltr'>eique</span> <span class='ocrx_word' id='word_1_41' title='bbox 290 2317 323 2372; x_wconf 92' lang='lat' dir='ltr'>ut</span> <span class='ocrx_word' id='word_1_42' title='bbox 341 2311 477 2392; x_wconf 88' lang='lat' dir='ltr'>aliquam</span> <span class='ocrx_word' id='word_1_43' title='bbox 495 2310 774 2373; x_wconf 86' lang='lat' dir='ltr'>verisimilitudinis</span> <span class='ocrx_word' id='word_1_44' title='bbox 794 2311 951 2384; x_wconf 85' lang='lat' dir='ltr'>umbram,</span> <span class='ocrx_word' id='word_1_45' title='bbox 967 2310 1013 2371; x_wconf 90' lang='lat' dir='ltr'>ita</span> <span class='ocrx_word' id='word_1_46' title='bbox 1030 2309 1170 2371; x_wconf 89' lang='lat' dir='ltr'>veritatis</span> <span class='ocrx_word' id='word_1_47' title='bbox 1189 2329 1301 2389; x_wconf 89' lang='lat' dir='ltr'>parum</span> 
     </span>
     <span class='ocr_line' id='line_1_8' title="bbox 178 2407 290 2470; baseline 0.027 -3"><span class='ocrx_word' id='word_1_48' title='bbox 178 2407 290 2470; x_wconf 89' lang='lat' dir='ltr'>inesse.</span> 
     </span>
    </p>

    <p class='ocr_par' dir='ltr' id='par_1_4' title="bbox 178 2505 1302 2783">
     <span class='ocr_line' id='line_1_9' title="bbox 219 2505 1302 2587; baseline 0.003 -21"><span class='ocrx_word' id='word_1_49' title='bbox 219 2507 254 2567; x_wconf 90' lang='lat' dir='ltr'>ln</span> <span class='ocrx_word' id='word_1_50' title='bbox 273 2506 383 2587; x_wconf 90' lang='lat' dir='ltr'>primis</span> <span class='ocrx_word' id='word_1_51' title='bbox 401 2508 503 2569; x_wconf 87' lang='lat' dir='ltr'>fateor</span> <span class='ocrx_word' id='word_1_52' title='bbox 523 2507 637 2569; x_wconf 91' lang='lat' dir='ltr'>stoicos</span> <span class='ocrx_word' id='word_1_53' title='bbox 655 2507 886 2586; x_wconf 80' lang='lat' dir='ltr'>astrologorum</span> <span class='ocrx_word' id='word_1_54' title='bbox 910 2505 1048 2569; x_wconf 87' lang='lat' dir='ltr'>numeris</span> <span class='ocrx_word' id='word_1_55' title='bbox 1066 2506 1156 2568; x_wconf 90' lang='lat' dir='ltr'>valde</span> <span class='ocrx_word' id='word_1_56' title='bbox 1176 2507 1302 2584; x_wconf 84' lang='lat' dir='ltr'>favisse,</span> 
     </span>
     <span class='ocr_line' id='line_1_10' title="bbox 178 2605 1302 2686; baseline 0 -22"><span class='ocrx_word' id='word_1_57' title='bbox 178 2624 281 2684; x_wconf 85' lang='lat' dir='ltr'>neque</span> <span class='ocrx_word' id='word_1_58' title='bbox 306 2605 409 2666; x_wconf 89' lang='lat' dir='ltr'>minus</span> <span class='ocrx_word' id='word_1_59' title='bbox 427 2605 488 2667; x_wconf 90' lang='lat' dir='ltr'>hoc</span> <span class='ocrx_word' id='word_1_60' title='bbox 509 2605 671 2667; x_wconf 87' lang='lat' dir='ltr'>divinandi</span> <span class='ocrx_word' id='word_1_61' title='bbox 690 2625 788 2683; x_wconf 81' lang='lat' dir='ltr'>genus</span> <span class='ocrx_word' id='word_1_62' title='bbox 807 2606 962 2686; x_wconf 89' lang='lat' dir='ltr'>accepisse</span> <span class='ocrx_word' id='word_1_63' title='bbox 982 2623 1077 2685; x_wconf 86' lang='lat' dir='ltr'>quam</span> <span class='ocrx_word' id='word_1_64' title='bbox 1094 2611 1208 2666; x_wconf 86' lang='lat' dir='ltr'>cetera.</span> <span class='ocrx_word' id='word_1_65' title='bbox 1223 2608 1302 2665; x_wconf 89' lang='lat' dir='ltr'>Nam</span> 
     </span>
     <span class='ocr_line' id='line_1_11' title="bbox 178 2700 1302 2783; baseline -0.002 -19"><span class='ocrx_word' id='word_1_66' title='bbox 178 2703 264 2782; x_wconf 89' lang='lat' dir='ltr'>apud</span> <span class='ocrx_word' id='word_1_67' title='bbox 286 2701 469 2764; x_wconf 87' lang='lat' dir='ltr'>Ciceronem</span> <span class='ocrx_word' id='word_1_68' title='bbox 493 2703 623 2765; x_wconf 88' lang='lat' dir='ltr'>sensisse</span> <span class='ocrx_word' id='word_1_69' title='bbox 644 2722 696 2765; x_wconf 86' lang='lat' dir='ltr'>eos</span> <span class='ocrx_word' id='word_1_70' title='bbox 716 2703 861 2783; x_wconf 84' lang='lat' dir='ltr'>legimus,</span> <span class='ocrx_word' id='word_1_71' title='bbox 881 2710 924 2777; x_wconf 89' lang='lat' dir='ltr'>et,</span> <span class='ocrx_word' id='word_1_72' title='bbox 939 2703 964 2763; x_wconf 91' lang='lat' dir='ltr'>si</span> <span class='ocrx_word' id='word_1_73' title='bbox 983 2701 1133 2762; x_wconf 90' lang='lat' dir='ltr'>divinatio</span> <span class='ocrx_word' id='word_1_74' title='bbox 1152 2702 1204 2774; x_wconf 88' lang='lat' dir='ltr'>sit,</span> <span class='ocrx_word' id='word_1_75' title='bbox 1227 2700 1302 2762; x_wconf 91' lang='lat' dir='ltr'>deos</span> 
     </span>
    </p>
   </div>
   <div class='ocr_carea' id='block_1_4' title="bbox 120 2798 1400 2880">
    <p class='ocr_par' dir='ltr' id='par_1_5' title="bbox 120 2798 1400 2880">
     <span class='ocr_line' id='line_1_12' title="bbox 120 2798 1400 2880; baseline -0.002 -20"><span class='ocrx_word' id='word_1_76' title='bbox 120 2877 121 2880; x_wconf 8' lang='grc' dir='ltr'><strong>Ἴ</strong></span> <span class='ocrx_word' id='word_1_77' title='bbox 179 2819 257 2874; x_wconf 87' lang='lat' dir='ltr'>esse,</span> <span class='ocrx_word' id='word_1_78' title='bbox 276 2807 317 2874; x_wconf 86' lang='lat' dir='ltr'>et,</span> <span class='ocrx_word' id='word_1_79' title='bbox 334 2801 360 2861; x_wconf 90' lang='lat' dir='ltr'>si</span> <span class='ocrx_word' id='word_1_80' title='bbox 385 2801 428 2861; x_wconf 93' lang='lat' dir='ltr'>dii</span> <span class='ocrx_word' id='word_1_81' title='bbox 451 2801 523 2876; x_wconf 90' lang='lat' dir='ltr'>sint,</span> <span class='ocrx_word' id='word_1_82' title='bbox 544 2801 784 2875; x_wconf 90' lang='lat' dir='ltr'>divinatioucm;</span> <span class='ocrx_word' id='word_1_83' title='bbox 806 2819 941 2880; x_wconf 90' lang='lat' dir='ltr'>cumque</span> <span class='ocrx_word' id='word_1_84' title='bbox 962 2799 1023 2858; x_wconf 89' lang='lat' dir='ltr'>ista</span> <span class='ocrx_word' id='word_1_85' title='bbox 1046 2798 1090 2858; x_wconf 87' lang='lat' dir='ltr'>sic</span> <span class='ocrx_word' id='word_1_86' title='bbox 1114 2798 1303 2878; x_wconf 85' lang='lat' dir='ltr'>reciprocari</span> <span class='ocrx_word' id='word_1_87' title='bbox 1396 2831 1400 2836; x_wconf 87' lang='lat'>-</span> 
     </span>
    </p>
   </div>
   <div class='ocr_carea' id='block_1_5' title="bbox 178 2895 1309 3839">
    <p class='ocr_par' dir='ltr' id='par_1_6' title="bbox 178 2895 1309 3839">
     <span class='ocr_line' id='line_1_13' title="bbox 178 2895 1302 2978; baseline 0 -21"><span class='ocrx_word' id='word_1_88' title='bbox 178 2899 352 2977; x_wconf 90' lang='lat' dir='ltr'>crederent,</span> <span class='ocrx_word' id='word_1_89' title='bbox 383 2918 452 2960; x_wconf 88' lang='lat' dir='ltr'>eam</span> <span class='ocrx_word' id='word_1_90' title='bbox 482 2899 572 2978; x_wconf 85' lang='lat' dir='ltr'>quasi</span> <span class='ocrx_word' id='word_1_91' title='bbox 600 2918 706 2960; x_wconf 88' lang='lat' dir='ltr'>arcem</span> <span class='ocrx_word' id='word_1_92' title='bbox 736 2904 825 2960; x_wconf 89' lang='lat' dir='ltr'>tanta</span> <span class='ocrx_word' id='word_1_93' title='bbox 851 2895 1028 2978; x_wconf 89' lang='lat' dir='ltr'>pervicacia</span> <span class='ocrx_word' id='word_1_94' title='bbox 1054 2895 1240 2971; x_wconf 86' lang='lat' dir='ltr'>defendisse,</span> <span class='ocrx_word' id='word_1_95' title='bbox 1268 2903 1302 2957; x_wconf 94' lang='lat' dir='ltr'>ut</span> 
     </span>
     <span class='ocr_line' id='line_1_14' title="bbox 178 2993 1304 3077; baseline 0 -23"><span class='ocrx_word' id='word_1_96' title='bbox 178 2995 298 3055; x_wconf 92' lang='lat' dir='ltr'>nullam</span> <span class='ocrx_word' id='word_1_97' title='bbox 326 2997 391 3057; x_wconf 89' lang='lat' dir='ltr'>fere</span> <span class='ocrx_word' id='word_1_98' title='bbox 418 3016 521 3057; x_wconf 87' lang='lat' dir='ltr'>rerum</span> <span class='ocrx_word' id='word_1_99' title='bbox 547 2997 725 3059; x_wconf 84' lang='lat' dir='ltr'>futurarum</span> <span class='ocrx_word' id='word_1_100' title='bbox 752 2996 999 3077; x_wconf 84' lang='lat' dir='ltr'>praesensionem</span> <span class='ocrx_word' id='word_1_101' title='bbox 1025 3002 1208 3073; x_wconf 88' lang='lat' dir='ltr'>respuerent</span> <span class='ocrx_word' id='word_1_102' title='bbox 1231 2993 1252 3054; x_wconf 84' lang='lat'>¹.</span> <span class='ocrx_word' id='word_1_103' title='bbox 1278 2997 1304 3054; x_wconf 86' lang='lat' dir='ltr'><strong>E</strong></span> 
     </span>
     <span class='ocr_line' id='line_1_15' title="bbox 182 3092 1300 3175; baseline -0.002 -23"><span class='ocrx_word' id='word_1_104' title='bbox 182 3092 294 3171; x_wconf 91' lang='lat' dir='ltr'>quibus</span> <span class='ocrx_word' id='word_1_105' title='bbox 317 3095 476 3155; x_wconf 76' lang='lat' dir='ltr'>Panaetius</span> <span class='ocrx_word' id='word_1_106' title='bbox 498 3115 575 3154; x_wconf 83' lang='lat' dir='ltr'>anas</span> <span class='ocrx_word' id='word_1_107' title='bbox 599 3095 826 3175; x_wconf 74' lang='lat' dir='ltr'>ostroloporam</span> <span class='ocrx_word' id='word_1_108' title='bbox 846 3095 996 3174; x_wconf 67' lang='lat' dir='ltr'>praedicto</span> <span class='ocrx_word' id='word_1_109' title='bbox 1019 3092 1126 3173; x_wconf 82' lang='lat' dir='ltr'>rejecit</span> <span class='ocrx_word' id='word_1_110' title='bbox 1147 3092 1174 3164; x_wconf 81' lang='lat'>²;</span> <span class='ocrx_word' id='word_1_111' title='bbox 1200 3109 1300 3170; x_wconf 88' lang='lat' dir='ltr'>quan·</span> 
     </span>
     <span class='ocr_line' id='line_1_16' title="bbox 183 3187 1309 3272; baseline -0.004 -22"><span class='ocrx_word' id='word_1_112' title='bbox 183 3209 277 3269; x_wconf 91' lang='lat' dir='ltr'>quam</span> <span class='ocrx_word' id='word_1_113' title='bbox 302 3211 340 3252; x_wconf 88' lang='lat' dir='ltr'>nc</span> <span class='ocrx_word' id='word_1_114' title='bbox 365 3190 417 3252; x_wconf 92' lang='lat' dir='ltr'>ille</span> <span class='ocrx_word' id='word_1_115' title='bbox 436 3193 563 3272; x_wconf 90' lang='lat' dir='ltr'>quidem</span> <span class='ocrx_word' id='word_1_116' title='bbox 587 3213 678 3252; x_wconf 84' lang='lat' dir='ltr'>ausas</span> <span class='ocrx_word' id='word_1_117' title='bbox 700 3203 742 3252; x_wconf 86' lang='lat' dir='ltr'>est</span> <span class='ocrx_word' id='word_1_118' title='bbox 762 3211 875 3272; x_wconf 75' lang='lat' dir='ltr'>cepere</span> <span class='ocrx_word' id='word_1_119' title='bbox 894 3191 955 3252; x_wconf 83' lang='lat' dir='ltr'>cim</span> <span class='ocrx_word' id='word_1_120' title='bbox 977 3209 1040 3250; x_wconf 84' lang='lat' dir='ltr'>csse</span> <span class='ocrx_word' id='word_1_121' title='bbox 1058 3187 1230 3258; x_wconf 81' lang='lat' dir='ltr'>diuinandi,</span> <span class='ocrx_word' id='word_1_122' title='bbox 1250 3187 1309 3246; x_wconf 82' lang='lat' dir='ltr'>scd</span> 
     </span>
     <span class='ocr_line' id='line_1_17' title="bbox 181 3282 1302 3366; baseline -0.006 -18"><span class='ocrx_word' id='word_1_123' title='bbox 181 3285 321 3349; x_wconf 82' lang='lat' dir='ltr'>dubitare</span> <span class='ocrx_word' id='word_1_124' title='bbox 347 3289 479 3351; x_wconf 80' lang='lat' dir='ltr'>sedicit</span> <span class='ocrx_word' id='word_1_125' title='bbox 508 3291 529 3348; x_wconf 77' lang='lat'>⁴.</span> <span class='ocrx_word' id='word_1_126' title='bbox 558 3289 673 3350; x_wconf 81' lang='lat' dir='ltr'>Ceteris</span> <span class='ocrx_word' id='word_1_127' title='bbox 703 3288 844 3366; x_wconf 86' lang='lat' dir='ltr'>ejusdcm</span> <span class='ocrx_word' id='word_1_128' title='bbox 874 3285 1046 3364; x_wconf 86' lang='lat' dir='ltr'>disciplinae</span> <span class='ocrx_word' id='word_1_129' title='bbox 1079 3303 1118 3342; x_wconf 90' lang='lat' dir='ltr'>nc</span> <span class='ocrx_word' id='word_1_130' title='bbox 1145 3282 1302 3342; x_wconf 90' lang='lat' dir='ltr'>levissima</span> 
     </span>
     <span class='ocr_line' id='line_1_18' title="bbox 181 3377 1305 3466; baseline -0.006 -20"><span class='ocrx_word' id='word_1_131' title='bbox 181 3385 309 3465; x_wconf 87' lang='lat' dir='ltr'>quidem</span> <span class='ocrx_word' id='word_1_132' title='bbox 327 3387 492 3466; x_wconf 79' lang='lat' dir='ltr'>dubitatio,</span> <span class='ocrx_word' id='word_1_133' title='bbox 509 3407 576 3448; x_wconf 84' lang='lat' dir='ltr'>com</span> <span class='ocrx_word' id='word_1_134' title='bbox 593 3385 627 3446; x_wconf 85' lang='lat' dir='ltr'>id</span> <span class='ocrx_word' id='word_1_135' title='bbox 641 3385 677 3447; x_wconf 87' lang='lat' dir='ltr'>dc</span> <span class='ocrx_word' id='word_1_136' title='bbox 689 3403 746 3466; x_wconf 86' lang='lat' dir='ltr'>qao</span> <span class='ocrx_word' id='word_1_137' title='bbox 763 3381 903 3442; x_wconf 83' lang='lat' dir='ltr'>Panaetio</span> <span class='ocrx_word' id='word_1_138' title='bbox 916 3402 977 3442; x_wconf 83' lang='lat' dir='ltr'>aon</span> <span class='ocrx_word' id='word_1_139' title='bbox 992 3379 1097 3461; x_wconf 83' lang='lat' dir='ltr'>liquet,</span> <span class='ocrx_word' id='word_1_140' title='bbox 1114 3377 1152 3439; x_wconf 84' lang='lat' dir='ltr'>iis</span> <span class='ocrx_word' id='word_1_141' title='bbox 1167 3377 1305 3439; x_wconf 82' lang='lat' dir='ltr'>omnibus</span> 
     </span>
     <span class='ocr_line' id='line_1_19' title="bbox 181 3476 1305 3555; baseline -0.006 -11"><span class='ocrx_word' id='word_1_142' title='bbox 181 3484 254 3546; x_wconf 80' lang='lat' dir='ltr'>solis</span> <span class='ocrx_word' id='word_1_143' title='bbox 279 3483 345 3546; x_wconf 85' lang='lat' dir='ltr'>laec</span> <span class='ocrx_word' id='word_1_144' title='bbox 366 3485 506 3546; x_wconf 82' lang='lat' dir='ltr'>videatur</span> <span class='ocrx_word' id='word_1_145' title='bbox 530 3483 644 3544; x_wconf 70' lang='lat' dir='ltr'>clarius</span> <span class='ocrx_word' id='word_1_146' title='bbox 666 3484 687 3543; x_wconf 72' lang='lat'>⁵.</span> <span class='ocrx_word' id='word_1_147' title='bbox 715 3483 789 3555; x_wconf 85' lang='lat' dir='ltr'>Quae</span> <span class='ocrx_word' id='word_1_148' title='bbox 814 3499 886 3541; x_wconf 89' lang='lat' dir='ltr'>cum</span> <span class='ocrx_word' id='word_1_149' title='bbox 911 3479 955 3540; x_wconf 90' lang='lat' dir='ltr'>ita</span> <span class='ocrx_word' id='word_1_150' title='bbox 981 3477 1055 3551; x_wconf 90' lang='lat' dir='ltr'>sint,</span> <span class='ocrx_word' id='word_1_151' title='bbox 1080 3495 1184 3538; x_wconf 88' lang='lat' dir='ltr'>nonne</span> <span class='ocrx_word' id='word_1_152' title='bbox 1210 3476 1305 3537; x_wconf 86' lang='lat' dir='ltr'>facilc</span> 
     </span>
     <span class='ocr_line' id='line_1_20' title="bbox 181 3573 1302 3660; baseline -0.008 -17"><span class='ocrx_word' id='word_1_153' title='bbox 181 3582 267 3643; x_wconf 88' lang='lat' dir='ltr'>velut</span> <span class='ocrx_word' id='word_1_154' title='bbox 288 3582 424 3643; x_wconf 89' lang='lat' dir='ltr'>secundo</span> <span class='ocrx_word' id='word_1_155' title='bbox 445 3581 621 3660; x_wconf 88' lang='lat' dir='ltr'>argumenti</span> <span class='ocrx_word' id='word_1_156' title='bbox 641 3580 770 3641; x_wconf 89' lang='lat' dir='ltr'>flumine</span> <span class='ocrx_word' id='word_1_157' title='bbox 790 3597 828 3640; x_wconf 90' lang='lat' dir='ltr'>eo</span> <span class='ocrx_word' id='word_1_158' title='bbox 848 3576 1037 3649; x_wconf 86' lang='lat' dir='ltr'>delabimur,</span> <span class='ocrx_word' id='word_1_159' title='bbox 1056 3581 1090 3636; x_wconf 92' lang='lat' dir='ltr'>ut</span> <span class='ocrx_word' id='word_1_160' title='bbox 1109 3573 1302 3652; x_wconf 83' lang='lat' dir='ltr'>astrologum</span> 
     </span>
     <span class='ocr_line' id='line_1_21' title="bbox 180 3670 1304 3760; baseline -0.008 -21"><span class='ocrx_word' id='word_1_161' title='bbox 180 3678 264 3742; x_wconf 91' lang='lat' dir='ltr'>hunc</span> <span class='ocrx_word' id='word_1_162' title='bbox 285 3687 413 3760; x_wconf 89' lang='lat' dir='ltr'>poetam</span> <span class='ocrx_word' id='word_1_163' title='bbox 433 3679 600 3757; x_wconf 86' lang='lat' dir='ltr'>astrologis</span> <span class='ocrx_word' id='word_1_164' title='bbox 622 3679 682 3739; x_wconf 91' lang='lat' dir='ltr'>illis</span> <span class='ocrx_word' id='word_1_165' title='bbox 701 3675 900 3757; x_wconf 91' lang='lat' dir='ltr'>philosophis</span> <span class='ocrx_word' id='word_1_166' title='bbox 920 3693 985 3735; x_wconf 88' lang='lat' dir='ltr'>sese</span> <span class='ocrx_word' id='word_1_167' title='bbox 1006 3672 1192 3753; x_wconf 85' lang='lat' dir='ltr'>applicuisse</span> <span class='ocrx_word' id='word_1_168' title='bbox 1215 3670 1304 3731; x_wconf 85' lang='lat' dir='ltr'>arbi·</span> 
     </span>
     <span class='ocr_line' id='line_1_22' title="bbox 181 3784 311 3839; baseline 0 -3"><span class='ocrx_word' id='word_1_169' title='bbox 181 3784 311 3839; x_wconf 85' lang='lat' dir='ltr'>tremor.</span> 
     </span>
    </p>
   </div>
   <div class='ocr_carea' id='block_1_6' title="bbox 212 3998 1306 4343">
    <p class='ocr_par' dir='ltr' id='par_1_7' title="bbox 212 3998 1306 4128">
     <span class='ocr_line' id='line_1_23' title="bbox 213 3998 1306 4072; baseline -0.006 -20"><span class='ocrx_word' id='word_1_170' title='bbox 213 4006 235 4053; x_wconf 89' lang='lat' dir='ltr'>l.</span> <span class='ocrx_word' id='word_1_171' title='bbox 249 4005 351 4066; x_wconf 83' lang='lat' dir='ltr'>Ferraz‚</span> <span class='ocrx_word' id='word_1_172' title='bbox 364 4007 498 4058; x_wconf 80' lang='lat' dir='ltr'>Destoica</span> <span class='ocrx_word' id='word_1_173' title='bbox 512 4007 652 4072; x_wconf 81' lang='lat' dir='ltr'>disciplina</span> <span class='ocrx_word' id='word_1_174' title='bbox 668 4005 742 4071; x_wconf 82' lang='lat' dir='ltr'>apud</span> <span class='ocrx_word' id='word_1_175' title='bbox 759 4006 849 4070; x_wconf 83' lang='lat' dir='ltr'>poetas</span> <span class='ocrx_word' id='word_1_176' title='bbox 865 4004 978 4053; x_wconf 81' lang='lat' dir='ltr'>Latinos.</span> <span class='ocrx_word' id='word_1_177' title='bbox 994 4001 1112 4057; x_wconf 87' lang='lat' dir='ltr'>Parisiis,</span> <span class='ocrx_word' id='word_1_178' title='bbox 1131 3999 1201 4059; x_wconf 84' lang='grc'>1862,</span> <span class='ocrx_word' id='word_1_179' title='bbox 1217 4011 1244 4059; x_wconf 92' lang='lat' dir='ltr'>p.</span> <span class='ocrx_word' id='word_1_180' title='bbox 1262 3998 1306 4046; x_wconf 61' lang='grc'>52,</span> 
     </span>
     <span class='ocr_line' id='line_1_24' title="bbox 212 4075 687 4141; baseline 0.009 -19"><span class='ocrx_word' id='word_1_181' title='bbox 212 4075 442 4136; x_wconf 60' lang='lat' dir='ltr'>attimacum„</span> <span class='ocrx_word' id='word_1_182' title='bbox 459 4078 687 4141; x_wconf 83' lang='lat'>1,‚;361‚,.610</span> 
     </span>
    </p>

    <p class='ocr_par' dir='ltr' id='par_1_8' title="bbox 214 4145 488 4212">
     <span class='ocr_line' id='line_1_25' title="bbox 214 4145 488 4212; baseline 0.023 -20"><span class='ocrx_word' id='word_1_183' title='bbox 214 4145 236 4194; x_wconf 90' lang='lat'>3.</span> <span class='ocrx_word' id='word_1_184' title='bbox 252 4145 330 4206; x_wconf 72' lang='lat' dir='ltr'>leid„</span> <span class='ocrx_word' id='word_1_185' title='bbox 346 4149 377 4212; x_wconf 92' lang='lat' dir='ltr'>ll,</span> <span class='ocrx_word' id='word_1_186' title='bbox 393 4150 434 4210; x_wconf 79' lang='lat'>42,</span> <span class='ocrx_word' id='word_1_187' title='bbox 447 4151 488 4199; x_wconf 88' lang='lat'>88</span> 
     </span>
    </p>

    <p class='ocr_par' dir='ltr' id='par_1_9' title="bbox 214 4216 444 4282">
     <span class='ocr_line' id='line_1_26' title="bbox 214 4216 444 4282; baseline 0.022 -19"><span class='ocrx_word' id='word_1_188' title='bbox 214 4217 237 4265; x_wconf 80' lang='lat' dir='ltr'>l.</span> <span class='ocrx_word' id='word_1_189' title='bbox 253 4216 330 4282; x_wconf 70' lang='lat' dir='ltr'>laid,</span> <span class='ocrx_word' id='word_1_190' title='bbox 346 4219 366 4282; x_wconf 94' lang='lat' dir='ltr'>l,</span> <span class='ocrx_word' id='word_1_191' title='bbox 381 4223 406 4281; x_wconf 93' lang='lat'>3,</span> <span class='ocrx_word' id='word_1_192' title='bbox 422 4222 444 4268; x_wconf 89' lang='lat'>6.</span> 
     </span>
    </p>

    <p class='ocr_par' dir='ltr' id='par_1_10' title="bbox 215 4287 322 4343">
     <span class='ocr_line' id='line_1_27' title="bbox 215 4287 322 4343; baseline 0.075 -9"><span class='ocrx_word' id='word_1_193' title='bbox 215 4287 322 4343; x_wconf 71' lang='lat' dir='ltr'>aloia.</span> 
     </span>
    </p>
   </div>
   <div class='ocr_carea' id='block_1_7' title="bbox 0 0 1596 5125">
    <p class='ocr_par' dir='ltr' id='par_1_11' title="bbox 0 0 1596 5125">
     <span class='ocr_line' id='line_1_28' title="bbox 0 0 1596 5125; baseline 0 1"><span class='ocrx_word' id='word_1_194' title='bbox 0 0 1596 5125; x_wconf 95' lang='lat' dir='ltr'> </span> 
     </span>
    </p>
   </div>
  </div>
 </body>
</html>
